2684 4508
617 198 651 208 -
672 169 774 222 168.-

158 366 248 451 Quod
262 367 391 456 quidem
407 376 534 436 mortuo
547 373 680 436 Socrate
690 370 758 457 jam
772 366 911 436 dubilari
925 366 1021 434 desiit
1033 391 1040 449 ;
1056 371 1243 455 pugnantes

157 479 244 546 enim
267 479 351 546 inter
367 498 403 547 se
417 478 612 568 philosophi,
630 479 717 547 etde
743 479 890 546 maximis
912 478 1010 546 rebus
1033 478 1172 546 multum
1187 477 1243 543 di-

157 610 251 660 versa
267 591 458 669 sentientes,
474 592 650 660 Socraticae
671 597 779 661 tamen
797 592 982 660 dialectices
999 591 1153 661 lraeredcs
1172 611 1244 658 esse

158 703 321 774 volebant.
344 703 551 794 Aristophani
577 725 657 794 ergo
679 704 772 773 facile
796 705 886 773 Plato
909 707 976 793 jam
1002 704 1113 773 senior
1138 704 1245 772 lactus

159 816 282 904 ignovit
296 817 382 906 quod
398 817 635 906 philosophiam
648 819 855 908 exstinguere
868 818 986 886 frustra
999 821 1201 894 tentaverat,
1214 821 1247 884 et

160 929 322 1017 sophistas
335 950 374 997 ac
387 929 515 1018 piebem
527 931 569 1001 ab
583 952 622 999 eo
635 929 774 999 derideri
788 928 1011 999 tantummodo
1026 928 1189 997 meminit.

205 1067 365 1132 Prmterea
378 1062 418 1131 ad
431 1063 587 1133 Platonici
601 1064 743 1132 convivii
760 1063 949 1131 varietatem
963 1061 1099 1130 multum
1118 1062 1249 1130 confert

160 1174 311 1245 inductus
330 1176 582 1264 Aristophanes,
605 1181 638 1243 et
655 1176 907 1245 clarissimorum
926 1175 1068 1245 virorum
1090 1175 1250 1265 disputa-

160 1292 281 1363 tionem
308 1292 512 1362 festivissima
543 1313 582 1360 ac
611 1312 713 1380 prope
744 1291 870 1360 scurrili
900 1290 1008 1360 tabula
1045 1291 1152 1360 facete
1183 1290 1251 1360 dis·

160 1404 290 1495 tinguit.
305 1408 456 1474 lsautmn
469 1407 560 1474 Plato
571 1412 643 1475 erat
656 1406 710 1495 qui
725 1405 844 1494 dialogi
859 1404 1036 1474 exornandi
1053 1423 1153 1474 causa
1172 1403 1251 1473 his-

161 1521 255 1589 toriae
270 1518 368 1588 lidem
381 1518 539 1589 excedere
554 1540 617 1588 non
633 1519 807 1589 dubitaret.

205 1655 245 1721 At
260 1651 346 1720 idem
360 1652 392 1719 in
419 1651 608 1721 defensione
633 1652 776 1720 Socratis
805 1651 997 1740 magistrum
1022 1650 1169 1720 ostendit
1188 1653 1252 1741 ju-

162 1764 252 1833 dices
268 1765 451 1832 hortantem
466 1785 508 1831 nc
526 1762 759 1859 comoediarum
784 1763 997 1852 scriptoribus
1011 1761 1148 1830 credant
1172 1769 1262 1831 stu-

162 1875 271 1947 diosos
285 1875 455 1963 sapientiae
470 1875 555 1943 viros
570 1875 745 1963 impietatis
759 1874 988 1944 accusantibus
998 1885 1021 1940 ¹.
1032 1876 1073 1942 nt
1085 1873 1250 1953 veritatis,

162 1991 197 2054 ut
218 1985 408 2055 historicum
423 1985 536 2064 decet,
554 1985 778 2054 observantior
801 1984 982 2073 Xenophon
1007 1987 1256 2074 Syracusanum

162 2099 351 2169 histrionem
367 2099 399 2166 in
419 2099 606 2168 convivium
624 2118 717 2167 suurn
732 2099 877 2178 inducit,
898 2098 1145 2189 Aristophaneis
1164 2101 1256 2190 jocis

162 2215 284 2284 Socrati
305 2215 535 2283 insultantem:
557 2218 701 2284 «Nonne
715 2220 749 2282 tu
765 2214 816 2282 ille
831 2235 882 2293 os,
901 2214 1013 2304 inquil,
1031 2215 1085 2303 qui
1102 2214 1253 2304 pulicum

162 2328 262 2395 saltus
274 2325 471 2395 dimeticndo
483 2327 707 2397 delectaris2‘l
735 2354 749 2388 v
1027 2317 1030 2322 ¹

206 2456 430 2528 concedamus
451 2461 560 2524 tamen
581 2456 830 2544 Aristophanem
853 2455 1024 2545 aliquando
1052 2457 1180 2526 Socrati
1205 2457 1255 2526 ita

163 2573 303 2640 amicum
317 2569 433 2647 luisse,
451 2576 486 2638 ut
501 2569 544 2636 illi
558 2567 729 2658 Euripides
742 2569 893 2638 violatam
922 2570 1097 2639 amicitiam
1121 2590 1256 2660 expro-

163 2685 258 2753 brare
272 2681 419 2750 voluerit.
435 2685 538 2764 Quam
551 2682 637 2750 enim
652 2680 780 2749 laudem
792 2682 852 2751 sibi
866 2682 980 2752 tribuit
989 2683 1187 2771 Euripideus
1196 2683 1256 2752 ille

164 2795 366 2886 Hippolytus,
383 2793 637 2864 adolescentium
651 2794 842 2882 exemplari
857 2823 871 2856 «
888 2798 974 2884 Erga
987 2794 1120 2874 amicos,
1128 2796 1252 2885 inquit,

164 2910 230 2980 sive
240 2908 358 2988 absint,
372 2908 440 2987 sive
452 2907 523 2976 illos
538 2907 569 2974 in
581 2914 759 2996 conspectu
772 2906 922 2987 habeam,
934 2906 1085 2976 eumdem
1097 2928 1152 2976 me
1164 2929 1255 2998 pree·

107 3021 112 3037 '
162 3023 242 3102 beo,
259 3041 320 3091 nec
335 3041 391 3092 eos
405 3040 546 3109 unquam
561 3019 660 3090 derisi
671 3019 694 3088 ³.
710 3047 723 3082 a
742 3019 833 3102 Quod
848 3019 978 3109 quidem
990 3025 1125 3091 Graecus
1137 3021 1255 3090 inter-

161 3155 237 3224 pres
260 3134 301 3204 od
317 3134 568 3224 Aristophanem
590 3139 739 3222 spectare
762 3135 957 3222 suspicatur,
980 3136 1127 3224 quamvis
1141 3136 1254 3225 prima

161 3247 386 3336 Aristophanis
421 3248 529 3318 sabula
548 3249 600 3318 vel
627 3254 701 3337 post
730 3248 938 3338 Hippolytum
962 3254 1174 3330 coronatum,
1198 3251 1254 3319 vel

163 3359 278 3431 eodem
293 3360 394 3430 ferme
408 3360 462 3429 die
481 3360 576 3430 docta
590 3361 634 3430 sit
643 3369 667 3428 ⁴.

167 3550 402 3568 utu-u..-

199 3673 208 3716 ¹
230 3670 317 3734 erac,
343 3668 439 3742 Apol„
461 3687 483 3724 c.
501 3669 517 3724 ⁹2
541 3668 601 3740 (ed.
615 3687 630 3724 a
644 3669 761 3725 Sclrneid.
779 3669 1001 3741 ineluibiles),
1027 3699 1055 3722 =
1079 3671 1251 3744 axenopu„

163 3757 268 3917 gppppp.
293 3769 321 3793 =
345 3757 354 3786 ⁸
375 3757 469 3825 Schol„
489 3756 575 3829 Eurip.
592 3757 622 3812 ad
637 3756 753 3830 Hippot,
767 3776 791 3814 v.
810 3758 1042 3821 100o1001.=⁴
1062 3763 1251 3834 Arg.‹'Eurip.,
