2684 4508
594 159 732 212 ..78-

126 357 290 424 bominum
308 353 493 422 intestabile
513 373 617 441 genus
635 352 823 441 popularem
849 358 967 420 statum
992 354 1045 423 bis
1059 375 1208 423 eversum

126 490 198 538 osse
211 468 354 536 declarat
364 471 386 533 ¹.

170 604 235 668 blec
249 598 418 688 quisquam
433 597 632 667 delatoribus
651 598 691 666 ab
713 597 929 685 Aristophane
949 596 1092 686 depictis
1113 598 1209 666 simi-

34 781 40 790 ,
124 716 183 784 lior
197 720 247 784 est
262 732 358 802 quam
373 712 644 799 Demostlrenicus
659 711 864 791 Theocrines,
881 711 935 801 qui
944 710 1094 800 judicum
1106 711 1209 779 insci-

124 831 168 897 tia
195 829 338 897 abutitur
354 832 390 894 ut
412 826 570 896 absurdas
593 827 710 916 probet
730 826 921 905 sententias
941 832 974 894 et
995 825 1172 915 pecuniam
1193 846 1212 892 a

127 941 263 1030 placidis
301 940 425 1009 civibus
461 940 630 1007 molestam
672 939 760 1008 litem
797 938 973 1007 minitando
1002 944 1176 1028 extorquet
1187 946 1210 1004 ².

126 1056 294 1144 corruptis
311 1055 441 1144 quidem
463 1053 654 1142 jamdudum
679 1052 817 1142 publicis
840 1052 984 1120 moribus
1004 1051 1127 1120 vixisse
1145 1055 1213 1118 [te-

127 1170 330 1238 mostlrenem
354 1168 513 1250 latemur;
555 1173 588 1235 at
617 1168 678 1236 nisi
713 1166 958 1236 Atheniensium
989 1165 1109 1233 animis
1142 1165 1214 1234 haec

128 1284 203 1352 vitia
231 1283 332 1351 multo
356 1289 432 1350 ante
463 1281 558 1349 insita
594 1282 749 1359 fuissent,
780 1299 942 1369 nunquam
969 1279 1157 1368 potuissent
1184 1280 1214 1346 in

127 1406 252 1467 tantum
281 1417 442 1466 cresccre.
484 1395 597 1464 Merito
626 1395 725 1483 igitur
752 1394 984 1482 Aristophanes
1017 1393 1106 1461 cives
1140 1413 1215 1461 suos

128 1511 263 1600 periculi
287 1510 465 1578 admonuit.

172 1644 239 1709 Nec
262 1641 399 1709 lortasse
423 1661 440 1708 a
464 1640 629 1729 proposito
650 1639 840 1710 abhorrebit
855 1639 893 1717 si,
906 1638 992 1727 quod
1009 1639 1109 1706 luerit
1129 1638 1216 1707 istud

130 1755 295 1823 lrominum
324 1774 448 1842 genus,
477 1759 646 1843 poetarum
672 1757 901 1841 oratorumque
920 1751 1108 1820 testimonia
1137 1751 1218 1820 dili·

129 1866 260 1956 gentius
282 1864 486 1941 excutiendo,
503 1865 645 1953 reperire
668 1863 911 1931 tentaverimus.
931 1866 1036 1945 Quum
1057 1863 1090 1931 in
1111 1865 1219 1933 Attica

130 1985 260 2052 civitate
274 1986 449 2052 accusandi
458 1985 512 2072 J‘us
525 1983 657 2052 cuilibet
670 1984 789 2051 volenti
801 1978 869 2074 (τῷ
889 1978 1116 2074 βουλομένῳ)3
1131 2004 1220 2052 cou-

130 2117 259 2166 cessum
292 2096 409 2176 luerit,
447 2118 508 2166 nec
536 2103 645 2166 tamen
672 2118 785 2166 omnes
810 2097 991 2187 hujusmodi
1026 2099 1119 2186 operi
1152 2101 1221 2189 apti

131 2217 257 2288 essent,
288 2212 315 2279 si
341 2212 412 2300 quis
436 2211 468 2279 id
492 2211 657 2300 praecipue
679 2211 829 2280 studebat
843 2218 879 2280 ut
896 2215 1071 2280 accusandi
1094 2214 1222 2301 peritus

132 2326 244 2405 lieret,
283 2347 395 2393 eorum
423 2348 503 2416 quos
529 2328 645 2415 vulgus
671 2329 880 2413 sycophantas
907 2326 1046 2397 vocabat
1082 2348 1222 2398 numero

133 2439 241 2509 statim
263 2437 455 2508 addebatur.
478 2444 557 2508 Turn
578 2439 695 2507 delicta
705 2439 857 2528 undique
879 2439 1083 2528 perquirere,
1107 2448 1141 2509 et
1159 2461 1223 2531 su-

134 2553 297 2630 bodorari,
323 2559 356 2620 et
379 2553 418 2619 ad
446 2552 654 2641 magistratus
677 2552 824 2636 deferrc3
862 2552 952 2640 leges
979 2553 1150 2632 evolvere,
1188 2562 1225 2623 ut

133 2689 196 2756 qua
217 2673 309 2757 parte
334 2673 367 2735 et
392 2675 470 2756 quot
496 2666 675 2735 rationibus
697 2666 810 2736 violari
834 2673 968 2756 possent
988 2667 1121 2756 penitus
1144 2669 1224 2737 edi-

132 2785 259 2863 sceret;
290 2781 401 2870 populi
429 2780 596 2869 ingenium
623 2785 656 2847 et
683 2781 808 2849 animos
833 2780 1014 2869 inspicere,
1045 2801 1111 2869 qno
1140 2782 1224 2850 iram

132 2896 203 2985 ejus
221 2914 261 2961 ac
279 2893 492 2982 suspiciones,
510 2898 607 2981 prout
620 2893 708 2960 varia
726 2898 909 2981 temporum
928 2893 1057 2961 fortuna
1077 2895 1222 2974 tulisset,

70 3035 72 3039 ·
137 3006 168 3073 in
194 3006 253 3074 bos
275 3005 385 3072 illosve
403 3006 523 3074 certius
537 3013 569 3072 et
587 3006 693 3074 acrius
708 3005 921 3087 accenderet;
943 3005 1130 3076 inimicitias
1150 3008 1227 3077 for-

136 3119 213 3186 titer
229 3120 417 3208 suscipere;
448 3119 591 3209 linguam
606 3140 740 3199 acuere,
769 3141 810 3188 ne
832 3120 1021 3199 verborum,
1044 3141 1227 3213 eorumque

138 3232 320 3319 praesertim
345 3253 419 3321 quae
441 3219 594 3301 invidiam
621 3234 652 3300 in
681 3252 754 3301 reos
782 3233 943 3311 conflent,
980 3253 1124 3322 unquam
1162 3236 1228 3305 sibi

140 3346 232 3434 copia
256 3345 429 3427 deficeret3
468 3366 505 3414 os
526 3346 722 3433 perfricare,
753 3366 793 3414 ne
820 3346 884 3415 ullo
910 3367 1052 3436 unquam
1079 3333 1227 3418 accusati

140 3567 381 3581 ..-..-.-.-

178 3743 187 3772 ¹
207 3742 315 3814 Lysias,
332 3747 388 3810 Περὶ
408 3743 486 3808 δήμου
501 3746 660 3805 καταλύσεως,
676 3758 700 3813 p.
713 3743 765 3800 174
779 3742 838 3814 (ed.
854 3743 947 3800 Reislre
958 3743 976 3814 l.
993 3759 1020 3782 =
1037 3743 1051 3784 ²
1070 3745 1206 3804 Demosth.
1222 3793 1228 3814 ,

126 3829 201 3885 ¹cuir.
220 3829 337 3895 l'beocr„
352 3828 455 3898 passim.
470 3830 531 3886 =,³
551 3828 688 3899 aristoph„
705 3829 788 3895 Plus,
804 3848 828 3884 r.
845 3831 907 3887 918.
