2684 4508
640 155 779 206 —2l⁰.’-

174 346 301 423 bantur,
322 347 520 415 nobilitatem
535 346 642 414 minuo
661 346 908 416 commendabat
937 373 943 415 :
977 377 989 408 ε
1018 349 1051 414 si
1076 369 1263 436 generosus

174 478 226 537 es,
256 464 290 527 ut
315 459 386 548 ipse
409 459 506 536 diois,
535 459 660 549 quasis
679 464 768 528 ortus
791 466 824 527 et
845 461 931 528 unde
949 461 1060 529 venias
1077 461 1260 551 significa:

176 596 250 644 nam
265 574 417 664 quidquid
443 575 610 663 splendide
637 582 746 644 natum
772 582 822 643 est
849 576 954 645 nullus
976 597 1083 645 sermo
1112 577 1264 666 polluere

178 691 273 758 valet.
300 718 313 751 ε

276 929 347 998 Αλλ’
362 929 447 1026 εἴπερ
463 922 494 1001 εἶ
506 937 659 1016 γενναῖος,
680 929 727 1012 ὡς
745 930 845 1014 αὐτὸς
861 934 951 1019 λέγεις
967 990 974 1015 ,

273 1049 406 1146 Edparo'
428 1049 505 1123 ὅτου
523 1049 584 1123 τέἶ
596 1050 753 1147 χώπόθεν
767 1079 774 1094 ·
788 1053 826 1125 τὸ
844 1055 908 1150 γὰρ
922 1056 1028 1135 καλῶς

278 1173 423 1269 Πεφυκὸς
436 1172 538 1254 οὐδεὶς
556 1171 594 1245 ἂν
610 1175 721 1269 prolabor
739 1173 830 1262 λόγος
845 1175 865 1247 ¹.

220 1449 348 1516 lllorum
364 1466 490 1535 quoque
519 1445 734 1514 calamitatem
763 1447 955 1535 deplorabat
980 1447 1034 1535 qui
1061 1467 1162 1536 quum
1184 1448 1263 1517 boni

181 1561 244 1628 siut
259 1568 291 1628 et
305 1562 390 1626 bortis
404 1561 534 1628 oriundi
543 1611 553 1635 ,
572 1560 613 1628 ab
629 1559 736 1647 impiis
750 1563 909 1627 mulorum
922 1561 998 1647 filiis
1012 1579 1139 1628 summo
1154 1559 1264 1646 gradu

75 1723 79 1732 ,
183 1672 429 1740 deturbantur2.

222 1814 303 1892 Quae
317 1809 447 1898 quidem
462 1809 605 1877 earmina
624 1830 689 1878 uon
704 1810 834 1898 ignoro,
852 1815 888 1879 ut
902 1811 1054 1899 pleraque
1068 1809 1196 1898 tragica
1212 1831 1265 1878 oo·

178 1926 302 1994 mieave
325 1926 411 1993 baud
434 1931 557 1994 temere
584 1926 768 2014 arripienda
793 1949 832 1997 ae
851 1927 1027 2017 judicanda
1051 1947 1134 1996 esse.
1161 1928 1263 1996 Multa

180 2046 255 2110 suot
269 2039 355 2108 enim
369 2060 444 2128 quae
459 2059 522 2107 non
539 2059 596 2108 suo
611 2041 742 2107 nomine
756 2047 851 2129 poeta
865 2042 962 2120 dieat,
981 2041 1038 2133 sed
1054 2040 1175 2109 fabulae
1190 2062 1265 2130 per-

181 2156 269 2225 sonis
284 2155 445 2244 assignet,
475 2154 694 2233 fortunarum,
720 2154 940 2242 ingeniorum,
959 2169 1084 2223 morum
1104 2155 1265 2224 varietate

180 2268 316 2336 multum
340 2268 425 2336 inter
438 2288 474 2336 se
493 2267 640 2336 diversis.
670 2271 737 2336 Nee
751 2289 862 2337 rursus
877 2289 950 2336 raro
969 2270 1077 2336 evenit
1090 2274 1125 2337 ut
1153 2269 1265 2337 tabula

180 2382 354 2452 historiave
368 2381 408 2449 ad
437 2381 605 2451 arbitrium
634 2402 727 2450 suum
742 2387 838 2470 poeta
861 2402 958 2459 usos,
977 2400 1145 2470 personas,
1163 2381 1266 2449 etiam

180 2495 317 2584 tragicae
330 2494 381 2563 vel
395 2495 531 2563 oomioae
545 2514 648 2562 musae
678 2494 804 2581 legibus
819 2495 1027 2584 oontemptis,
1058 2493 1266 2581 propriarum

182 2607 416 2676 sententiarum
430 2606 625 2695 interpretes
640 2606 748 2675 faeiat.
765 2611 812 2675 Ex
825 2607 876 2675 his
895 2614 1002 2676 autem
1017 2607 1172 2696 operibus
1186 2629 1268 2697 quo·
1331 2680 1334 2685 ,

183 2740 255 2788 rum
291 2718 474 2808 fragmenta
505 2720 728 2787 tautummodo
765 2727 938 2808 supersunt
971 2720 1070 2787 multo
1103 2718 1267 2789 diliioilius

182 2833 329 2901 intimam
342 2832 509 2920 seripturis
523 2832 709 2919 opinionem
724 2833 903 2922 intelligere
916 2833 1001 2901 lieet.
1014 2836 1060 2901 Ne
1073 2833 1144 2921 quis
1153 2839 1268 2904 tameo

183 2946 277 3015 uobis
291 2945 489 3035 exprobrare
503 2944 606 3034 possit
628 2943 714 3034 quod
728 2945 778 3013 vel
792 2945 922 3013 minima
939 2944 1131 3033 Sopbooleae
1146 2947 1269 3016 mentis

183 3057 301 3126 indioia
321 3055 577 3145 neglexerimus,
607 3054 721 3124 eodem
738 3056 837 3125 verbo
852 3056 1036 3125 notabimus
1055 3057 1269 3144 purissimum

185 3169 300 3238 sideris
341 3169 547 3258 splendorem
589 3169 696 3237 abeo
732 3167 896 3257 designari
922 3189 986 3256 quo
1014 3168 1165 3237 nobilitas
1195 3169 1270 3259 ipsa

185 3281 322 3370 exprimi
363 3283 489 3351 soleat:
516 3309 530 3345 ε
561 3286 667 3360 Luna,
699 3281 822 3370 inquit,
867 3289 1037 3370 postquam
1066 3280 1270 3353 nobilissima

186 3395 441 3494 (εὐγενεστάτη)
456 3404 490 3470 in
505 3404 588 3473 ooelo
603 3403 762 3491 apparuit,
782 3423 893 3471 rursus
907 3403 1066 3471 deeresoit
1081 3408 1114 3471 et
1128 3402 1169 3470 ad
1186 3403 1272 3472 nibi-

187 3641 426 3656 ἡ

224 3824 232 3862 ¹
249 3824 369 3895 Sapit-,in
384 3825 465 3891 Alete,
481 3826 525 3881 eil.
541 3825 649 3893 aStob,
668 3827 760 3887 88-11.
775 3839 802 3859 Ξ
819 3828 831 3864 ²
849 3826 897 3885 ld..
937 3825 1010 3886 ibid..
1048 3825 1121 3887 ibid,
1145 3824 1205 3890 llll»,
1222 3827 1270 3886 lt.
