2684 4508
596 167 742 218 uta-

126 365 235 433 laudat
247 365 333 453 quod
347 365 472 454 iegibus
485 366 684 455 obsequendi
699 387 842 435 amorem
853 366 977 436 eiribus
990 369 1148 457 injecerit,
1176 376 1209 439 et

128 479 293 567 seipsum
320 479 491 566 protitetur
517 478 644 567 legibus
670 479 782 567 patriis
795 487 954 568 perpetuo
972 500 1087 568 parere
1112 483 1205 550 veile.
1280 496 1291 507 ’·

128 593 193 662 litae
205 582 313 660 autem
331 592 421 680 leges
434 598 579 660 sutorum
590 613 629 660 ae
638 592 805 661 fabrorum
819 592 1026 671 multitudini,
1043 596 1209 661 aSoerate

128 711 399 793 oontemptorum
412 707 466 794 jus
479 705 624 793 suffragii
638 704 832 774 ooneedunt.

173 866 278 950 Leges
290 862 421 950 quidem
435 868 546 931 noster
560 883 633 931 esse
643 864 820 943 contendit,
838 885 913 953 quae
928 885 946 931 a
961 862 1022 943 diis
1043 864 1122 952 ipsis
1144 885 1210 953 po-

127 976 211 1061 sitae,
231 995 359 1064 semper
373 981 406 1042 et
419 975 539 1065 ubique
547 975 691 1064 vigeant,
707 997 769 1044 neo
783 977 914 1066 impune
927 999 946 1046 a
958 999 1120 1067 quoquam
1134 979 1211 1046 vio-

129 1088 187 1158 lari
211 1089 347 1178 possint,
371 1090 518 1178 quamuis
542 1109 699 1184 nusquam
726 1069 1036 1180 seriptmlegantur;
1066 1092 1211 1181 quisquis

129 1209 237 1270 autern
248 1223 304 1271 eas
315 1203 452 1281 violarit,
471 1204 625 1291 iniustum
640 1206 784 1272 assedi
797 1204 926 1293 plebeii,
944 1225 1081 1293 quorum
1090 1204 1212 1293 judicio

127 1324 195 1385 tarn
210 1338 325 1406 parum
338 1316 407 1384 nuit
418 1321 579 1396 Socrates,
598 1318 714 1387 harum
726 1339 799 1388 sese
811 1319 920 1408 legum
935 1318 1213 1387 reverentissimos

128 1430 376 1518 profitebuntur,
393 1431 599 1518 aeternasque
611 1431 748 1520 justitiae
776 1430 907 1520 regulas
931 1451 995 1500 non
1021 1433 1127 1500 minus
1148 1410 1210 1500 sibi

128 1563 226 1632 quam
240 1542 450 1631 optimatibus
463 1549 557 1612 notas
571 1563 655 1611 esse.

173 1699 341 1787 Popularis
365 1698 554 1786 reipublicae
570 1698 654 1766 vitiis
668 1719 767 1787 quum
783 1682 975 1767 obviam'ire
990 1700 1120 1778 veilent,
1135 1700 1214 1787 plu-

130 1813 204 1880 rimi
221 1812 331 1902 legum
341 1812 473 1891 latores
488 1811 602 1900 etipse
616 1811 702 1890 Solo,
720 1811 873 1880 nonnulla
887 1813 960 1901 iura
973 1812 1060 1900 plebi
1074 1832 1228 1879 eomes--

129 1945 213 2003 sere,
232 1925 340 1993 omnia
353 1912 461 1992 autem
489 1923 661 1992 ditioribus
672 1922 853 2006 dederunt;
872 1943 936 1991 non
963 1923 1048 2011 quod
1062 1923 1213 1990 virtutem

129 2059 170 2105 ae
184 2037 366 2106 doctrinam
381 2037 460 2105 alias
475 2036 638 2105 interdum
652 2037 786 2124 reperiri
801 2056 898 2124 posse
913 2056 977 2104 non
1003 2034 1214 2104 arbitraban-

129 2157 193 2228 tur,
212 2149 268 2219 sed
284 2149 316 2217 in
331 2149 445 2237 primis
459 2149 598 2217 civitatis
613 2149 771 2217 elassibus
799 2149 909 2236 plures
927 2147 1044 2215 doctos
1070 2168 1109 2214 ae
1128 2168 1214 2236 pru-

129 2264 244 2334 dentes
259 2284 341 2344 esse,
360 2270 393 2334 et
406 2264 523 2354 quibus
538 2285 642 2355 neque
660 2265 761 2332 otium
776 2283 880 2352 neque
896 2282 975 2350 opes
994 2261 1034 2329 ad
1053 2263 1213 2330 excolen-

129 2380 207 2448 dum
235 2379 402 2468 ingenium
426 2379 623 2461 defuissent;
655 2379 774 2467 quibus
801 2377 900 2446 etiam
930 2397 988 2445 sua
1016 2376 1149 2455 utilitas,
1181 2383 1214 2444 et
1295 2385 1296 2393 ’

129 2491 270 2569 fortuna,
288 2495 321 2572 et
336 2497 536 2578 comparatae
549 2489 671 2558 divitiae
684 2488 877 2557 modestiam
891 2488 1066 2557 suaderent
1084 2476 1214 2556 subita-

130 2624 266 2693 rumque
278 2625 317 2673 ao
331 2603 612 2673 vehementiorum
624 2604 838 2671 mutationum
855 2602 1003 2671 timorem
1030 2601 1212 2690 injicerent.

130 2725 179 2794 Illi
205 2726 305 2814 igitur
319 2726 429 2814 legum
454 2725 573 2793 latores
599 2717 861 2812 ἀριστοκρατείοιν
889 2732 921 2794 et
941 2710 1212 2810 πλουτοκρατεῶιν

130 2836 218 2905 idem
233 2857 305 2905 esse
318 2837 574 2920 constituerunt;
596 2858 676 2927 quas
691 2843 804 2907 eontra
828 2841 989 2915 Soorates,
1006 2836 1214 2925 sapientissi-

132 2969 206 3018 mus
226 2949 320 3017 simui
334 2954 368 3017 et
379 2950 616 3039 pauperrimus,
636 2951 765 3040 penitus
779 2951 941 3020 discrevit.

175 3114 284 3183 Altera
299 3115 350 3183 via
365 3121 415 3182 est
427 3124 592 3204 perquam
605 3117 743 3204 populus
758 3116 888 3205 propria
908 3113 1070 3203 imperitia
1096 3134 1136 3181 ao
1157 3117 1213 3181 te-

132 3228 281 3297 meritate
296 3228 357 3297 sibi
372 3249 491 3296 noeere
503 3234 647 3310 vetetur;
663 3249 780 3316 nempe
795 3230 820 3296 si
843 3228 943 3296 libero
975 3227 1077 3317 ipsius
1102 3215 1214 3316 populi

132 3341 287 3429 suffragio
311 3340 433 3409 eiectus
457 3342 505 3409 vir
533 3362 670 3430 regnum
695 3342 850 3410 obtineat.
880 3346 971 3422 Haeo,
990 3342 1035 3409 ait
1049 3345 1210 3417 Socrates,

131 3475 208 3524 vera
223 3460 274 3523 est
286 3455 445 3543 regnandi
460 3455 552 3532 ratio,
567 3476 585 3522 a
602 3455 773 3543 tyrannide
788 3455 847 3522 ista
863 3455 1211 3544 multum-disnopans,

132 3588 229 3656 quam
239 3568 287 3636 vis
300 3567 466 3636 constituit
480 3588 520 3636 ao
531 3572 651 3635 tuetur.
683 3571 751 3634 Hoo
776 3587 913 3655 regnum
936 3569 1137 3657 persuasioni
1158 3567 1215 3634 in-

132 3681 243 3749 nixum
257 3681 301 3748 ita
317 3685 427 3748 noster
441 3679 730 3769 probarevidetun
744 3686 888 3768 utquam
903 3679 1145 3770 imperatoriam
1165 3678 1214 3745 vei

132 3799 410 3883 politicomartem
441 3801 654 3877 nominamus
685 3800 827 3887 regalem
855 3799 976 3887 saepius
1005 3792 1214 3885 (Βασιλικνῖν)
