2684 4508
606 181 744 236 ..p-2..

137 399 268 465 prorsus
285 378 431 466 negligit,
452 397 548 465 quam
571 377 668 443 latam
681 377 785 465 aperit
799 383 937 445 matrum
961 400 999 445 ae
1026 378 1222 446 l'eminarum

137 491 414 582 contemptoribus
424 493 556 579 januam
570 496 576 556 l
594 490 731 578 Apollini
747 510 874 581 linoque
888 490 1081 559 assentimus
1091 491 1224 581 proba-

137 605 256 674 bilibus
269 603 375 673 causis
389 604 546 681 excusari,
563 608 596 670 et
610 603 762 690 precibus
780 624 819 670 ae
841 604 942 672 saeris
966 604 1089 692 expiari
1113 605 1224 672 scelus

134 719 260 807 jubenti
277 720 284 752 ¹
303 742 311 800 ;
336 717 392 786 sed
421 723 576 806 quantum
605 717 725 788 civitati
747 718 946 795 timeremus,
965 739 1038 806 quae
1053 737 1169 806 poenas
1187 725 1225 786 et

138 831 295 920 supplicia
314 831 357 898 ita
379 834 593 908 aversaretur,
623 836 659 897 ut
683 831 842 898 scelerum
871 831 992 898 ultores
1018 830 1225 898 contumeliis
1322 826 1326 837 '

138 951 300 1023 oneraret,
318 950 352 1012 et
363 942 551 1012 carnificum
568 944 698 1012 nomine
713 949 852 1021 notatos,
866 944 979 1034 procul
990 965 1008 1012 a
1019 964 1054 1012 se
1066 949 1223 1032 tanquam

64 1060 67 1069 '
137 1057 261 1127 belluas
272 1079 311 1126 ac
329 1063 473 1126 monstra
487 1058 669 1146 relegaret!
693 1062 763 1126 Huc
776 1063 886 1126 tamen
900 1058 1027 1146 juvenis
1041 1061 1129 1125 Deus
1155 1055 1224 1124 de·

15 1212 17 1217 -
138 1169 236 1248 venit,
254 1175 398 1258 etquum
413 1169 496 1238 lilios
518 1170 551 1254 in
573 1169 727 1237 scelestas
741 1176 861 1238 matres
882 1189 998 1259 poenas
1025 1168 1225 1258 repetituros

140 1284 301 1362 immittat,
326 1284 489 1373 publicam
514 1303 645 1371 poenam
672 1289 705 1350 ct
730 1284 885 1352 ultionem
910 1285 1022 1352 tollere
1046 1283 1173 1378 videtur
1198 1297 1221 1348 ².

140 1401 207 1465 lmo
220 1403 412 1487 argumenta
427 1418 446 1464 a
461 1397 579 1466 nostris
592 1398 795 1485 philosophis
807 1404 881 1486 post
899 1399 950 1467 bis
974 1398 1060 1466 mille
1083 1396 1224 1485 amplius

140 1511 392 1601 annosrepetita
417 1532 588 1600 usurpans,
614 1513 713 1579 vitam
738 1512 822 1580 nulla
855 1516 936 1590 arte,
967 1511 1053 1579 nulla
1077 1508 1223 1599 potentia

142 1625 357 1712 reparabilem
386 1625 585 1694 interfectori
614 1630 702 1692 vetat
722 1625 816 1714 eripi,
842 1631 997 1714 tanquam
1024 1624 1094 1713 ipse
1115 1623 1225 1690 inter-

71 1715 74 1735 '
143 1740 246 1809 lector
271 1741 514 1832 irreparabilem
550 1742 648 1808 vitam
679 1740 772 1808 alleri
805 1760 869 1809 non
896 1740 1077 1829 eripuisset.
1108 1742 1154 1806 lta
1188 1757 1225 1805 se

142 1854 277 1943 quisque
291 1860 324 1923 et
336 1876 412 1925 suos
422 1855 571 1944 privatim
584 1854 696 1923 ulcisci
715 1855 811 1931 volet,
842 1853 971 1941 publica
1001 1873 1077 1922 vero
1102 1851 1224 1940 judicia

144 1969 349 2038 detrectabit.
366 1973 459 2037 Stant
473 1970 629 2037 adversus
649 1968 829 2056 Apollinem
847 1968 1053 2048 Eumenides,
1069 1968 1225 2055 antiqua·
1246 1947 1251 1961 ¹

145 2101 216 2151 rum
233 2084 341 2171 legum
364 2082 583 2150 tenacissimae
606 2080 766 2158 vindices,
798 2101 871 2169 quae
891 2083 1024 2170 juvenili
1052 2081 1225 2150 temeritati

144 2179 361 2285 asperrimard
383 2195 588 2264 severitatem
613 2201 802 2283 opponunt;
837 2195 922 2265 nullo
955 2195 1093 2284 piaculo,
1138 2194 1223 2262 nulla

144 2308 303 2397 probabili
316 2328 414 2377 causa
427 2307 467 2376 ad
483 2308 686 2376 clementiam
701 2308 807 2376 llexae.
834 2313 920 2398 Ergo
946 2309 1031 2378 inter
1054 2315 1225 2397 utramque

145 2422 330 2513 opinionem
343 2421 419 2512 quid
434 2419 558 2488 consilii
578 2419 679 2509 eliget
705 2421 899 2509 AEsehylus‘l
926 2421 960 2490 Id
982 2420 1116 2500 scilicet,
1137 2420 1223 2512 quod

144 2533 306 2621 Areopagi
321 2532 526 2600 defensorem
545 2536 577 2598 et
589 2530 805 2620 philosophiae
827 2533 1054 2622 Pythagoricae
1069 2533 1227 2624 ,discipue

145 2647 210 2714 lum
225 2647 346 2734 pariter
359 2645 493 2728 deeeat;
517 2646 653 2734 aequatis
668 2647 753 2713 enim
775 2647 950 2735 suffragiis,
966 2648 1225 2718 liberaturOres·

145 2767 205 2838 tes,
224 2765 395 2848 postquam
409 2758 574 2827 doloribus
588 2759 816 2847 erroribusque
826 2760 931 2828 scelus
955 2761 1105 2849 expiavit,
1133 2761 1224 2829 anti-

146 2894 244 2964 quum
262 2894 337 2942 vero
352 2892 480 2980 morum
493 2872 644 2940 custodes
658 2876 736 2955 Deae
752 2893 877 2942 summo
899 2874 1023 2943 honore
1048 2875 1221 2944 habentur.

144 2992 223 3056 Tota
236 2987 348 3055 civitas
362 2990 554 3075 perpetuum
577 2985 638 3052 illis
656 2986 823 3075 templum,
840 2993 1016 3075 perpetuos
1030 2988 1111 3057 ritus
1124 2988 1224 3056 insti-

145 3102 216 3180 tuit,
233 3106 266 3168 et
280 3120 391 3169 earum
404 3098 536 3168 arbitrio
550 3119 603 3167 res
614 3099 772 3169 humanas
787 3101 830 3168 ita
843 3103 1028 3190 gubernare
1038 3102 1221 3181 confitetur,

145 3213 278 3283 utiralae
291 3211 486 3280 Eumenides
500 3211 701 3280 inevitabiles
714 3213 831 3281 Atticae
844 3212 969 3301 regioni
982 3217 1090 3302 pestes
1104 3212 1225 3282 inlerre

144 3325 289 3415 possint,
315 3324 454 3412 placatae
484 3345 560 3393 vero
586 3325 881 3393 constantissimam
904 3325 1101 3394 felicitatem.
1125 3325 1224 3393 huti-

180 3760 323 3832 Rheon,
348 3762 474 3826 hornan,
501 3781 524 3816 v.
546 3762 677 3819 dtu-dm.
707 3795 741 3804 -
771 3781 795 3816 v.
820 3762 949 3820 alo-581.
1033 3764 1109 3827 ²ld.,
1148 3762 1220 3827 ibid,

143 3868 165 3903 r.
191 3853 315 3909 rte-197,
339 3884 373 3892 -·
397 3853 471 3916 ibid,
489 3870 511 3906 r.
533 3855 594 3910 all.
