2676 4508
592 213 621 224 -
645 183 695 236 132
717 215 746 224 -

128 397 202 466 quae
236 376 298 443 loto
323 382 431 464 palral
454 383 485 443 el
514 377 671 463 precepti
698 377 762 443 uim
800 397 839 442 ac
864 375 1058 462 gravitatem
1098 396 1200 443 secum

127 491 220 560 ferat.

173 658 273 744 Huius
293 653 379 722 modi
394 653 571 749 sententias
585 653 810 730 Athenienses,
829 673 847 719 e
861 652 988 720 theatro
1001 654 1126 741 egressi
1139 705 1147 729 ,
1163 661 1204 721 ta-

126 769 221 839 bellis
235 774 268 836 et
283 762 448 835 memoriae
469 765 643 854 inscriptas
666 768 833 854 reportare
847 766 1055 854 gaudebunt3
1086 773 1120 834 et
1142 769 1205 855 jam

128 881 296 967 ,Eschylus
323 901 362 948 ac
384 881 562 970 Sophocles
589 880 742 969 populum
770 880 813 948 ita
839 870 957 948 dooere
984 900 1049 947 uon
1084 881 1206 948 omise-

128 1001 212 1062 rant.
243 992 305 1059 Sed
332 992 417 1081 apud
442 992 628 1080 Euripidem
652 993 768 1060 mirum
792 992 824 1060 in
840 992 970 1060 modum
989 991 1065 1061 haec
1083 996 1207 1060 scatent

128 1115 292 1198 praecepta
310 1159 318 1185 ,
336 1113 369 1175 et
383 1107 567 1195 importuno
589 1107 710 1196 frigore
735 1109 848 1195 longas
871 1107 1108 1196 tragoediarum
1130 1125 1208 1196 par-

126 1231 177 1291 tes
192 1221 353 1289 interdum
376 1219 587 1308 perfundunt.
616 1224 717 1288 Nemo
741 1221 839 1309 igitur
860 1221 944 1288 inter
957 1221 1103 1308 tragicos
1119 1221 1206 1308 plura

127 1355 224 1425 quam
238 1332 408 1422 Euripides
418 1334 538 1421 populo
553 1335 664 1412 suasit,
683 1341 777 1402 nemo
790 1333 899 1422 plures
912 1334 944 1400 in
959 1353 1092 1401 scenam
1107 1354 1208 1422 quaes-

127 1450 252 1527 tiones,
271 1447 468 1527 sententias,
491 1447 660 1536 opiniones
675 1448 811 1515 induxit.
829 1447 962 1529 Qualem
977 1448 1174 1535 tragoediam
1190 1469 1207 1514 a

127 1563 290 1652 prioribus
303 1561 483 1650 accepisset
497 1562 594 1650 paulo
607 1568 682 1650 ante
695 1561 854 1643 vidimus;
873 1581 989 1649 nempe
1003 1561 1046 1630 ab
1060 1561 1207 1650 AEschylo

126 1792 297 1879 Areopago
323 1789 600 1877 patrocinantem,
629 1797 663 1857 et
686 1787 848 1857 addictam
871 1790 1049 1878 patriorum
1070 1794 1208 1859 Deorum

128 1903 335 1993 religioni3n
364 1903 548 1990 Sophocle,
576 1904 682 1971 minus
707 1923 854 1972 severam
878 1903 1025 1992 quidem,
1059 1924 1120 1972 nec
1146 1905 1208 1985 cui-

127 2036 224 2106 quam
251 2016 318 2084 lere
344 2015 567 2094 adversatam,
585 2016 643 2083 sed
662 2017 793 2104 antiqua
816 2035 943 2104 quoque
971 2017 1119 2086 instituta
1135 2038 1209 2085 mo-

17 2117 19 2122 ’
128 2127 220 2197 desta
235 2128 329 2196 simul
355 2149 394 2196 ac
417 2128 510 2217 gravi
537 2149 616 2198 voce
642 2128 886 2207 defendentem,
916 2129 1076 2199 nohilitati
1105 2130 1210 2199 laven·

126 2248 193 2312 lem
213 2241 404 2331 aliquando,
425 2262 487 2310 nec
512 2243 633 2311 inhmae
660 2242 840 2331 plebeculae
867 2244 1078 2313 arridentem.
1108 2251 1208 2329 Quam

126 2374 205 2423 vero
228 2353 299 2442 ipse
328 2352 500 2442 Euripides
525 2354 760 2442 rempublicam
783 2355 934 2451 omnibus
959 2362 1157 2446 anteponat,
1179 2360 1208 2425 in

128 2467 239 2537 fabula
261 2469 461 2555 supplicibus
482 2467 577 2555 plane
605 2467 758 2555 explicari
778 2469 921 2552 videtur;
952 2490 1013 2538 nec
1040 2472 1209 2563 quisquam

130 2580 225 2649 nobis
248 2580 289 2648 de
323 2600 362 2648 ea
392 2600 427 2648 re
453 2579 622 2648 dubitandi
646 2579 736 2648 locus
757 2587 966 2669 superesset,
995 2584 1056 2652 nisi
1084 2587 1115 2653 in
1142 2586 1210 2655 aliis

127 2688 299 2787 tragoedi'is
319 2699 424 2787 aliqua
445 2696 486 2765 ab
512 2697 563 2764 his
588 2697 716 2765 diversa
745 2697 938 2786 legeremus.
963 2699 1026 2768 Sed
1052 2702 1210 2771 Theseum

129 2811 236 2899 primo
250 2811 420 2879 audiamus
433 2811 507 2899 qui,
526 2811 560 2878 in
573 2812 785 2897 Supplicihus,
812 2813 949 2879 Atticam
978 2815 1210 2902 rempublicam

129 2925 284 2994 adversus
309 2926 592 3015 philosophantem
621 2911 815 3014 Argiuorum
834 2946 1020 3013 praeconem
1043 2928 1207 3006 defendit,

128 3045 162 3107 et
176 3039 282 3127 ipsum
303 3037 493 3118 Adrastum,
515 3039 708 3126 Argiuorum
724 3057 852 3126 regem,
880 3037 922 3106 de
944 3040 1112 3126 republica
1127 3048 1213 3110 recto

129 3150 385 3220 administranda
401 3157 522 3220 mouet..
541 3177 555 3213 ι
574 3155 607 3218 ln
623 3157 690 3219 tres
704 3156 828 3239 partes,
846 3151 967 3240 inquit,
990 3152 1138 3223 civitates
1156 3155 1211 3222 di-

128 3264 301 3354 viduntur;
329 3265 522 3354 locupletum
545 3264 688 3343 scilicet,
715 3265 769 3354 qui
797 3265 943 3333 inutilem
957 3267 1057 3335 uitam
1083 3274 1207 3358 agunt,

128 3382 163 3445 cl
190 3376 223 3445 in
252 3376 430 3465 quaerendo
465 3397 595 3465 semper
624 3381 836 3464 occupatam;
866 3398 1066 3466 pauperum,
1095 3381 1212 3468 quibus

129 3488 312 3588 necessaria
342 3487 488 3566 dosunt,
518 3493 551 3555 et
585 3508 666 3576 quos
693 3487 882 3578 plerumque
913 3491 1030 3561 invidia
1057 3497 1208 3581 torquet;

24 3624 32 3642 ,
128 3601 278 3671 violentis
296 3600 395 3690 igitur
410 3602 526 3670 animis
551 3597 699 3691 impulsi,
718 3609 750 3670 et
774 3624 947 3692 pravorum
968 3604 1087 3674 ducum
1106 3606 1220 3675 crimi·‘

128 3710 313 3807 nationibus
336 3713 485 3802 decepti,
516 3713 792 3782 divites-assiduis
819 3716 1022 3785 contumeliis
1044 3718 1210 3791 stimulant

128 3831 161 3892 et
177 3823 350 3892 lacessunt.
376 3827 411 3891 lu
436 3824 542 3892 medio
565 3830 674 3892 autem
691 3825 804 3892 ordine
818 3826 1083 3896 civitatumsalus
1104 3830 1214 3917 posita.
