2684 4508
597 191 755 245 -rao-

138 387 312 455 moriturus
324 390 474 454 Socrates
486 386 527 454 de
539 392 637 454 terrae
651 386 713 453 situ
728 393 761 453 et
775 385 936 453 coloribus
955 386 1102 474 conjicitl
1118 390 1219 467 Quam

135 498 236 566 multa
251 498 284 565 in
297 501 432 565 Phaedro
450 497 491 566 de
513 502 653 565 Deorum
677 497 820 566 moribus
843 517 882 564 ac
905 497 1220 586 peregrinationibus

135 616 284 680 enarratl
302 614 427 692 Quanta
438 611 603 699 voluptate
617 609 771 678 Timaeum
791 610 881 678 audit
902 610 1065 679 condilum
1088 632 1127 678 ac
1148 610 1222 691 dis-¹

133 725 279 813 positum
301 745 319 793 a
343 744 469 792 summo
491 728 559 792 Deo
574 729 606 791 et
625 723 780 791 ministris
799 727 868 812 ejus
884 725 1075 792 'universum
1094 724 1223 792 descri-

135 839 271 906 bentem
287 844 293 904 !

180 976 388 1064 Xenophonti
404 977 504 1065 igitur
519 977 624 1064 magis
638 974 849 1048 confidamus,
880 976 934 1065 qui
962 975 1054 1043 illum
1082 974 1223 1043 ostendit
1304 980 1309 992 '

126 1089 177 1158 de
192 1089 336 1157 moribus
350 1097 383 1157 et
397 1089 537 1157 humana
550 1094 666 1157 notura
679 1094 836 1177 perpetuo
849 1089 1069 1178 disputantem
1085 1114 1092 1156 :
1108 1109 1223 1176 quam-t

127 1224 233 1295 quam
247 1222 310 1292 ego
329 1223 371 1270 ne
384 1201 658 1290 Xenophonteum
674 1201 803 1289 quidem
816 1205 983 1271 Socratem
1005 1221 1082 1268 vero
1097 1201 1223 1268 Socrati

132 1334 272 1406 prorsus
285 1313 422 1382 similem
436 1313 536 1380 fuisse
549 1313 692 1380 credam.
708 1313 785 1394 Quis
799 1313 860 1380 seit
872 1312 958 1380 enim
970 1333 1011 1380 an
1026 1310 1223 1399 Xenophon·

132 1431 179 1498 tis
194 1427 271 1496 illud
286 1421 465 1516 ingenium,
483 1427 656 1494 celsiorum
680 1427 946 1514 subtilioremque
971 1425 1224 1513 disputationum

136 1562 255 1631 parum
270 1561 383 1630 capax,
401 1541 594 1629 magistrum
608 1540 779 1629 aliquando
792 1541 939 1629 longiore
953 1540 1121 1609 intervallo
1135 1560 1225 1608 secu-

138 1662 209 1724 tum
223 1655 285 1724 sit?
296 1654 394 1723 Multa
410 1654 530 1732 forsan,
544 1674 619 1744 quae
631 1653 794 1722 communi
816 1674 913 1721 sensu
929 1658 1102 1722 contentus
1126 1653 1225 1720 homo

140 1789 206 1838 non
219 1768 315 1836 facile
326 1767 538 1856 intelligebat,
556 1765 817 1854 Xenophontem,
833 1767 980 1854 quamvis
1001 1766 1143 1834 sermoni
1158 1769 1225 1833 So-

139 1881 240 1949 cratis
254 1878 393 1958 adesset,
421 1879 587 1968 fugerunt.
616 1877 706 1946 Adde
727 1877 814 1967 quod
840 1878 910 1966 ipse
933 1876 986 1945 ille
1010 1878 1224 1968 philosophiae

139 2000 235 2084 pater
248 2013 323 2062 cum
335 1992 700 2081 Xenophonteplurima
713 1992 851 2060 fortasse
865 2012 931 2059 non
954 1993 1223 2077 communicavit;

139 2109 229 2176 hunc
242 2107 329 2175 enim
344 2112 478 2174 noverat
492 2105 678 2174 constitutae
693 2105 820 2194 legibus
837 2104 983 2192 religioni
1005 2105 1049 2172 ita
1067 2105 1223 2184 deditum,

141 2229 177 2290 ut
189 2221 269 2288 nihil
289 2219 445 2288 adversus
469 2219 674 2287 caerimonias
688 2219 738 2286 vel
761 2218 890 2287 oracula
916 2238 1027 2286 coram
1053 2239 1089 2286 se
1109 2219 1226 2308 jactari

140 2354 297 2424 passurus
315 2339 412 2402 esset.
429 2337 470 2401 At
489 2339 601 2401 contra
628 2331 902 2420 Chaerephontem
923 2333 1074 2412 arbitror,
1102 2353 1228 2421 perpe-

140 2455 234 2516 tuum
256 2448 398 2516 Socratis
418 2449 582 2525 comitem,
604 2449 716 2527 multa,
733 2449 784 2517 vel
809 2441 1041 2527 ambulantem,
1070 2448 1120 2517 vel
1142 2447 1226 2516 intra

140 2561 292 2649 parietes,
312 2559 463 2639 audiisse,
481 2580 552 2648 quae
566 2560 654 2648 vulgi
671 2561 843 2630 sententiae
863 2568 1095 2649 repugnarent.
1120 2562 1226 2644 Quum

139 2694 216 2742 vero
228 2672 305 2740 nulli
318 2672 577 2760 Chaerephontis‚
594 2673 881 2752 velhristodemi¹,
897 2674 1060 2762 velipsius
1081 2675 1224 2743 Socratis

142 2784 367 2854 commentarii
379 2784 553 2873 supersint,
570 2784 610 2850 ad
626 2785 875 2872 Xenophontem
895 2786 1133 2875 confugiamus,
1157 2788 1223 2876 qui,

141 2895 288 2985 quamvis
303 2895 449 2983 magistri
466 2896 655 2963 memoriam
682 2917 721 2964 ac
742 2896 869 2964 laudem
893 2897 1049 2967 adversus
1072 2883 1247 2967 accusans

141 3009 222 3076 lium
238 3008 416 3099 calumnias
430 3009 606 3076 defendere
633 3015 816 3088 conaretur,
843 3010 928 3078 dicta
946 3018 1056 3079 tamen
1078 3013 1148 3099 ejus
1174 3013 1224 3080 vel

140 3120 226 3188 lacta
238 3141 310 3208 quae
323 3121 462 3189 maximo
476 3121 520 3187 illi
534 3128 725 3200 nocuerunt,
744 3142 866 3210 negare
877 3143 941 3190 non
952 3124 1115 3192 sustinuit.
1132 3129 1225 3193 Hunc

143 3251 261 3319 nempe
270 3233 338 3319 jam
351 3232 489 3299 vidimus
512 3253 551 3299 ea
577 3253 652 3320 quae
667 3232 708 3300 de
732 3233 879 3301 versibus
900 3236 1063 3302 llomeria
1091 3234 1224 3304 Socrate

142 3346 265 3433 saepius
277 3347 405 3433 jactatis
416 3348 631 3415 narrabantur
640 3347 798 3425 confiteri,
813 3350 999 3436 etquamvis
1010 3370 1048 3417 ea
1059 3351 1091 3416 in
1103 3352 1223 3419 bonam

196 3583 209 3588 -¹
236 3583 381 3592 —-——.

178 3772 182 3798 ¹
200 3771 265 3825 clar.
280 3773 358 3826 Conr.
373 3773 399 3824 ln
416 3771 492 3840 princ.
510 3780 534 3825 ct
550 3773 573 3825 iu
585 3775 643 3826 linc.
657 3772 703 3841 phi
726 3771 892 3826 tristmlmmrs
904 3772 994 3827 dicitur
1008 3775 1136 3828 mirratum
1151 3773 1223 3844 sequi

142 3859 230 3912 solitus
245 3860 321 3925 osse.)
