2684 4508
594 188 609 194 ..
645 156 692 210 1Ῑ9
727 193 737 197 ..

128 349 355 438 superstitibus
369 349 560 436 fragmentis
575 370 739 438 riuiiquam
755 349 851 438 plane
861 348 1103 437 dignoscemus.
1119 352 1210 419 Pbe-

128 469 287 532 recratem
301 462 524 531 tantummodo
538 462 686 531 novimus
701 462 734 531 in
750 462 802 530 illa
817 476 892 551 quae
911 466 1078 550 sylvestres
1092 468 1210 533 ilenti-

128 606 180 653 nes
209 556 387 672 (Ἀγριοι)
412 584 668 672 inscriptaesset
688 583 1214 676 fabula,bominesf1nxissequos
1299 580 1304 589 ’

129 698 345 767 bumanorum
369 697 520 766 vitiorum
555 696 711 774 taederct,
746 696 864 787 quique
892 698 1125 787 rempublicam
1153 700 1211 767 suo

129 811 262 882 arbitrio
277 810 503 886 instituerent,
520 807 574 877 ubi
590 827 685 876 nemo
703 808 834 897 quidem
849 809 1002 887 serviret,
1020 809 1077 877 sed
1098 810 1212 878 duris-

130 924 247 991 simum
260 924 410 1014 quodque
423 941 537 1009 opusa
552 920 681 988 feminis
695 922 909 1010 perficeretur
918 935 940 988 ¹.

174 1067 253 1131 Haec
268 1063 300 1130 in
313 1080 445 1128 scenam
462 1079 547 1127 anno
561 1060 813 1128 antechristum
828 1063 914 1127 420²
939 1059 1096 1148 producta
1111 1065 1209 1143 suut;

130 1188 221 1250 sexto
248 1188 355 1250 autem
383 1186 456 1269 post
473 1171 621 1267 'typica
648 1178 768 1257 anno³,
795 1200 894 1268 quum
917 1180 1033 1248 Atticae
1057 1200 1155 1248 naves
1181 1185 1214 1246 et

130 1295 292 1364 exercitus
317 1295 357 1362 ad
383 1298 560 1383 Syracusas
589 1294 780 1383 periissent,
816 1293 1065 1382 Aristophanes,
1100 1296 1214 1362 incre-

131 1410 220 1479 dibili
236 1429 344 1477 rernm
371 1409 659 1497 excogitandarum
674 1408 810 1476 audacia
824 1429 921 1488 usus,
946 1408 979 1476 in
993 1411 1111 1478 Avibus
1131 1410 1213 1481 duos

130 1524 247 1593 Atticae
262 1525 349 1593 cives
363 1525 508 1612 lingebat
522 1524 606 1591 inter
620 1524 740 1592 caelum
755 1531 787 1591 et
801 1531 920 1591 temam
937 1525 1102 1591 volucrum
1120 1545 1213 1592 rem-

131 1638 294 1727 publicam
321 1637 499 1726 urbemque
522 1637 685 1715 condere,
721 1637 807 1705 unde
834 1638 990 1705 solemnia
1015 1638 1212 1707 Athenarum

129 1750 228 1820 taedia
242 1750 491 1841 expellerentur.
511 1751 569 1818 Hic
582 1771 661 1839 crgo
681 1770 742 1817 nee
754 1750 915 1818 delatores
930 1749 1055 1818 admitti
1073 1750 1123 1820 fas
1140 1759 1209 1828 esl,

130 1887 192 1934 nec
203 1864 315 1933 avidos
331 1865 432 1932 litium
448 1871 481 1932 et
494 1864 664 1932 criminum
677 1863 865 1954 plebicolas,
885 1885 945 1932 nec
959 1864 1095 1933 subtiles
1107 1864 1214 1954 dispu-

130 1979 218 2047 tandi
234 1979 427 2068 magistros,
447 2000 507 2046 nee
527 1977 658 2046 l'rirlolos
672 1978 816 2047 siderum
830 1978 1125 2067 contemplatores,
1153 1998 1214 2046 neo

131 2092 269 2163 insulsos
282 2098 408 2181 poetas,
428 2111 489 2159 nec
503 2110 619 2159 avaros
635 2090 873 2179 mendacesque
896 2090 1051 2169 hariolos,
1075 2111 1136 2160 nec
1150 2090 1214 2162 de-

130 2213 293 2276 cretorum
321 2206 521 2287 venditorem
553 2202 624 2283 vel,
657 2204 684 2272 si
711 2203 840 2294 quando
866 2204 996 2294 prodire
1018 2205 1086 2273 ausi
1113 2210 1209 2284 sunt,

130 2320 268 2410 flagellis
291 2319 355 2389 cito
378 2319 585 2387 mulctantur.
615 2320 694 2400 Quae
708 2337 787 2407 ergo
808 2318 884 2387 vitia
912 2318 1074 2408 prioribus
1097 2317 1213 2388 fabulis

129 2433 256 2524 singula
271 2433 463 2523 exagitavit,
482 2432 536 2500 bic
550 2430 701 2500 universa
717 2430 868 2521 castigat.
885 2431 941 2500 llle
956 2438 1064 2500 autem
1079 2432 1213 2501 Pisthe-

128 2554 250 2626 taerus,
280 2547 335 2636 qui
356 2547 389 2613 in
408 2548 528 2613 notem
557 2543 743 2634 precipuas
769 2551 879 2633 partes
902 2550 985 2634 agit,
1016 2545 1060 2612 ita
1082 2545 1213 2614 ineluc-

129 2661 219 2730 tabili
234 2660 372 2730 civitatis
400 2659 517 2728 Atticm
537 2658 636 2728 taedio
653 2664 770 2747 captus
788 2658 981 2737 ostenditur,
1009 2663 1045 2726 ut
1063 2658 1212 2747 publicos

129 2793 247 2852 mores,
272 2779 305 2840 et
326 2772 471 2839 forenses
487 2770 519 2838 in
539 2770 669 2859 primis,
688 2768 854 2837 emendari
869 2789 965 2857 posse
979 2790 1112 2857 prorsus
1130 2771 1212 2838 des-

127 2889 340 2978 peret.Quum
352 2892 460 2954 tamen
474 2904 512 2953 eo
526 2883 708 2972 praesertim
722 2887 871 2970 tempore
884 2883 1058 2951 maximum
1068 2884 1107 2952 iis
1117 2884 1212 2973 peri-

128 2999 237 3068 culum
257 2998 395 3089 populus
409 2997 608 3075 intentaret,
634 3015 715 3085 quos
729 2994 885 3063 adversus
896 2996 1084 3084 popularem
1103 3018 1210 3068 rerum

128 3116 248 3181 statum
270 3113 457 3199 conjurasse
482 3110 724 3199 suspicaretur,
760 3108 880 3195 saepius
919 3113 953 3175 et
985 3108 1096 3177 sedulo
1127 3111 1210 3179 ravit

127 3224 384 3314 Aristophanes,
412 3244 452 3291 ne
480 3224 511 3290 in
542 3220 724 3311 huiusmodi
750 3221 967 3311 suspicionem
995 3223 1163 3293 incideret..

174 3367 316 3433 Primum
328 3364 370 3432 ita
388 3363 521 3431 ridiculo
535 3367 728 3451 argumento
746 3380 917 3465 censuram
940 3384 1033 3433 suam
1057 3365 1205 3444 includit.

129 3575 371 3587 ’.ι-ᾕ-

168 3739 177 3767 ¹
193 3739 311 3794 Pheraei.
327 3739 370 3799 ln,
384 3738 424 3794 ed.
441 3737 548 3794 aBothe
563 3736 587 3791 in
602 3735 667 3792 Bibl.
681 3735 764 3793 bidot.
791 3750 819 3770 ²
851 3735 864 3775 ²
881 3737 992 3803 Arban,
1014 3737 1040 3802 t,
1053 3752 1079 3807 p.
1096 3736 1158 3796 218.
1178 3761 1213 3795 -s

130 3825 140 3854 ⁸
157 3825 265 3882 Clinlon.
283 3824 352 3879 Fert.
368 3823 427 3881 tall.
446 3825 570 3895 tristopb.
586 3824 633 3878 Aa.
650 3840 704 3894 arg.
