2684 4508
592 236 751 289 -la'iss-

137 435 240 502 omisit
264 433 393 500 leminei
418 432 548 520 generis
563 431 770 520 exagitandi:
791 461 804 492 «
824 435 886 499 :tut
905 433 1076 509 mulieres,
1095 433 1209 520 inquit,
1316 412 1321 420 ¹

137 548 276 634 corrigat
290 547 422 634 aliquis,
441 553 497 614 aut
512 566 569 614 eas
592 567 609 613 a
626 566 677 613 me
692 546 832 633 patiatur
847 566 975 633 semper
992 545 1209 635 objurgant»

134 665 198 728 lmo
227 660 364 727 feminas
390 680 479 748 saepe
507 660 630 728 inducit
652 661 702 727 vel
724 659 917 727 immeritam
945 658 1110 726 infamiam
1131 679 1214 747 pro-

135 774 204 862 prio
219 773 308 842 sexui
323 774 490 841 inurentes
499 782 523 840 ².
539 772 622 855 Quid
636 779 744 840 tamen
758 793 868 840 amore
882 772 1014 861 dignius
1026 773 1135 860 effingi
1148 792 1215 859 po-

134 894 216 967 test,
234 908 331 978 quam
343 893 392 955 tot
403 887 603 976 tragicorum
617 887 758 955 virorum
775 886 872 965 filiae,
891 906 1020 954 sorores
1034 892 1217 954 uxoresvet

133 1007 245 1072 Nonne
258 1003 291 1070 in
303 1001 517 1090 Iphigeniam,
549 999 769 1089 Polyxenam,
794 998 1001 1077 hlcestidem,
1027 999 1212 1076 Macariam,

133 1115 287 1206 quidquid
299 1115 377 1184 viris
389 1114 636 1182 admirationem
652 1114 884 1201 caritatemque
898 1113 1068 1180 mulierum
1083 1113 1216 1201 injicere

134 1234 254 1318 potest,
271 1228 505 1297 studiosissima
521 1234 591 1295 arte
603 1227 758 1295 contulit?
770 1230 883 1294 Nonne
899 1225 1095 1294 hlcestidem
1110 1232 1216 1294 osten·

133 1343 181 1410 dit
195 1342 301 1410 mariti
311 1342 377 1410 iras
387 1342 485 1410 etiam
498 1342 531 1409 in
546 1341 674 1410 intimos
688 1360 800 1410 servos
811 1339 985 1408 lenientem
995 1349 1017 1418 ³,
1026 1345 1060 1408 et
1073 1339 1216 1407 animum

133 1458 203 1544 ejus
226 1455 368 1544 propriae
388 1454 514 1522 virtutis
540 1453 732 1522 auctoritate
756 1473 795 1521 ac
814 1451 989 1521 dulcedine·
1005 1453 1218 1522 nectentomr

133 1568 243 1636 AEthra
262 1573 390 1646 autem,
419 1567 534 1635 Thesei
560 1572 674 1645 mater,
704 1586 812 1634 nonne
830 1567 993 1655 supplices
1016 1568 1153 1655 hrgivas
1172 1567 1222 1634 ita.-

133 1688 253 1761 tuetur,
269 1688 305 1749 ut
317 1701 390 1750 eam
404 1681 437 1749 iu
456 1681 555 1748 hlium
571 1682 707 1748 multum
728 1700 827 1768 posse
845 1681 1033 1770 appareat⁴.
1051 1680 1145 1762 Quid,
1165 1681 1218 1749 vel

134 1795 219 1884 apud
247 1796 446 1865 recentiores
473 1794 743 1882 christianosque,
772 1794 916 1862 sanctius
939 1814 979 1862 ac
1001 1795 1222 1864 venerabilius

135 1909 504 1998 hahetur,quam1·egia
528 1908 643 1976 mulier
655 1930 730 1997 quae
753 1908 881 1978 miseris
898 1915 930 1978 ct
947 1909 1112 1978 exsulibus
1132 1915 1218 1978 Deos

135 2023 345 2112 hominesque
358 2022 537 2091 conciliet?

177 2165 276 2229 Fama
295 2165 346 2230 est
368 2160 556 2249 Euripidem
576 2163 776 2248 Melanippen
793 2160 990 2249 tragoediam
1013 2159 1086 2228 ideo
1107 2160 1218 2248 scrip-

134 2275 215 2343 sisse
229 2274 312 2343 utin
336 2274 474 2364 gratiam
492 2294 565 2343 cum
588 2279 658 2343 toto
684 2273 877 2343 seminarum
908 2295 987 2343 sexu
1006 2275 1151 2359 rediret;
1172 2274 1217 2344 ihi

134 2389 220 2455 enim
249 2387 532 2477 philosophantem
561 2387 730 2456 mulierem
754 2387 926 2457 induxerat
951 2391 983 2457 in
1007 2409 1155 2467 scenam,
1184 2395 1219 2458 et

133 2500 288 2569 altissima
315 2502 506 2569 instructam
529 2501 690 2570 doctrina.
711 2502 867 2580 lmo,‘illi
893 2502 954 2591 ipsi
974 2501 1147 2591 tragoediae
1160 2502 1217 2570 uhi

133 2598 369 2683 atrocissimum
379 2615 487 2683 scelus
501 2635 520 2683 e
533 2615 682 2686 muliebri
696 2614 805 2685 lurore
819 2623 930 2684 natum
939 2614 1095 2704 depinxit,
1110 2636 1218 2685 nonne

133 2728 192 2797 hos
212 2729 348 2797 inseruit
363 2748 496 2806 versus,
527 2729 646 2818 quihus
672 2729 814 2797 virorum
840 2729 980 2798 crudelis
1001 2730 1217 2798 inconstantia

98 2869 102 2876 ·
133 2841 290 2910 acerrime
310 2841 512 2930 vituperatur
538 2865 545 2910 :
574 2868 587 2904 a
620 2842 752 2922 Quoties
774 2842 877 2910 virum
899 2841 1087 2910 domesticae
1106 2843 1221 2911 socie-

132 2953 208 3020 tatis
221 2952 336 3032 taedet,
354 2954 441 3022 foras
456 2953 633 3042 egreditur,
652 2959 685 3021 et
709 2953 770 3021 sihi
795 2953 946 3022 solatium
965 2959 1075 3042 parat,
1093 2973 1151 3022 seu
1175 2954 1218 3022 ad

133 3066 284 3145 amicum,
302 3087 360 3136 seu
383 3066 424 3134 ad
449 3068 595 3157 aequales
618 3086 815 3149 conversus;
844 3070 878 3133 at
898 3066 991 3136 nohis
1006 3069 1039 3133 in
1068 3071 1215 3134 nostrum

133 3184 247 3265 pectus
270 3179 495 3248 tantummodo
525 3179 636 3248 oculos
662 3179 824 3267 conjicere
840 3178 933 3246 licet⁵
947 3205 976 3245 ν.
1001 3183 1037 3247 ln
1061 3178 1214 3248 hocvoro

138 3439 376 3448 ...-—-.-——-—

166 3647 174 3681 ¹
196 3643 293 3714 Eurip,
308 3644 401 3716 hipp„
415 3662 439 3699 v.
457 3646 518 3704 668.
529 3646 584 3686 =²
604 3646 651 3710 ld.,
664 3647 799 3711 Androm,
814 3666 839 3700 r.
851 3648 913 3703 tit.
924 3650 959 3704 lhi
975 3626 1028 3720 ipsa
1040 3652 1218 3708 Andromache

129 3729 249 3784 mulieres
263 3730 407 3786 hominihus
420 3740 515 3802 pestem
531 3750 587 3788 osso
602 3734 721 3789 declarat.
738 3736 789 3774 =²
811 3737 857 3800 ld,
875 3736 982 3802 illucet,
1001 3756 1024 3792 v.
1036 3739 1160 3798 teu-771.
1180 3763 1212 3789 =

129 3818 209 3883 lld„
226 3818 380 3890 Suppl.‚r.
395 3821 507 3879 stt-103.
532 3839 560 3859 =
589 3821 668 3884 lhl,
686 3823 770 3887 Med,
794 3842 816 3880 r.
835 3824 954 3882 etti-⁰251
982 3825 1214 3895 (uhihlrdeasoln
1317 3890 1321 3898 ⁴

129 3908 364 3980 secumloqniturp
1095 3931 1099 3939 ·
