2684 4508
629 239 768 290 -llt-

153 450 309 499 moeorum
331 430 456 497 senatui
476 430 654 516 imputavit.
688 433 757 498 Non
781 437 917 517 tyranno
943 431 1041 517 igitur·
1074 431 1238 517 Antigone

153 547 324 632 repugnat,
360 540 417 609 sed
447 542 618 611 insanienti
648 543 788 631 populo;
829 541 881 610 ille
907 541 993 609 enim
1024 548 1167 619 senatus,
1210 544 1238 609 si

151 656 300 745 AEsohylo
319 655 399 723 tides
413 654 561 734 habetur,
585 656 684 725 totius
697 655 809 744 populi
823 674 939 724 sensus
957 655 1190 752 interpretatur
1205 662 1239 722 et

153 770 323 858 expromit,
340 775 374 837 et
386 787 486 856 quum
509 769 670 858 Antigone
691 769 791 859 impio
811 769 944 837 decreto
964 789 1036 838 sese
1058 770 1237 857 parituram

152 890 260 972 negat,
273 883 381 971 populi
392 882 487 950 iram¹
503 882 546 951 illi
558 884 698 953 minatur
708 903 855 971 praeeozu
870 885 950 951 Nam
960 883 1110 971 populns,
1121 882 1234 971 iuquit,

154 1016 252 1086 quum
280 995 419 1084 primum
446 1016 465 1064 a
489 996 632 1084 perieulo
658 997 772 1075 evasit,
796 996 1016 1065 intreotabiles
1042 997 1127 1085 gerit
1161 996 1239 1062 ani-

154 1114 253 1178 most
266 1135 279 1170 ι
293 1108 528 1194 Neortntigone
539 1113 647 1177 tamen
658 1109 793 1197 egregio
803 1108 937 1176 consilio
946 1108 1084 1186 desistit,
1098 1114 1132 1177 el
1143 1107 1239 1175 dimi-

153 1221 306 1291 diaobori
317 1242 403 1310 pars,
421 1240 494 1311 quae
511 1241 585 1289 oum
602 1241 640 1290 ea
658 1221 818 1310 Polynieis
834 1226 972 1290 mortem
983 1223 1083 1311 luget,
1104 1221 1154 1290 his
1169 1241 1238 1290 ver-

155 1335 207 1404 bis
218 1333 330 1425 populi
342 1333 594 1405 inconstantiam
604 1338 637 1402 et
649 1352 777 1402 errores
791 1333 972 1423 vituperat:
988 1360 1002 1396 «
1019 1338 1112 1432 saepe
1126 1335 1240 1404 oiiilas

154 1446 285 1517 decreta
300 1467 358 1516 sua
375 1452 488 1525 mutat,
503 1446 611 1516 etalio
626 1465 724 1525 nuno,
734 1466 821 1515 nuno
832 1445 894 1515 alia
904 1465 997 1535 atqua
1015 1453 1150 1517 censen.
1170 1450 1238 1517 ‚m

152 1545 312 1650 quomodo
325 1560 446 1649 populo
461 1559 710 1628 consultandum
727 1559 779 1638 sit,
795 1560 822 1629 si
835 1581 1009 1651 pravorum
1022 1561 1160 1632 voluerit
1171 1562 1237 1632 de-

155 1679 317 1741 oretorum
332 1673 557 1761 poeniteutiam
571 1671 685 1750 vitare,
707 1674 739 1740 in
755 1675 967 1762 supplicibus,
984 1694 1057 1766 quae
1075 1695 1138 1764 quo
1153 1695 1238 1744 anno

156 1784 251 1854 dueta
265 1784 307 1854 sit
320 1784 427 1855 fabula
441 1785 601 1864 incertum
612 1790 673 1864 est,
688 1785 784 1873 plane
796 1784 1163 1876 declararitAEsehylus.
1181 1788 1240 1856 Hic

157 1918 275 1988 nempe
289 1897 457 1987 Pelasgus,
479 1897 672 1985 Argivorum
688 1917 755 1976 rex,
773 1917 792 1966 a
812 1901 915 1966 Danai
933 1899 1049 1986 puellis
1062 1899 1238 1987 hospitium

156 2017 301 2100 rogatus,
318 2010 361 2078 nil
374 2011 444 2079 sine
457 2010 577 2100 populo
602 2009 780 2083 decernere
794 2012 904 2092 audet,
920 2018 953 2082 et
966 2011 1007 2082 de
1020 2033 1055 2082 re
1067 2020 1133 2082 tam
1144 2015 1236 2101 gravi

156 2122 506 2192 ooneionemadvooat.
528 2126 632 2205 Quum
654 2123 806 2194 barbarae
826 2124 978 2195 mulieres
998 2125 1029 2194 ei
1041 2125 1240 2215 persuadere

154 2237 265 2305 volunt
276 2257 378 2326 penes
404 2235 511 2326 ipsum
530 2257 627 2307 omne
641 2237 811 2307 arbitrium
825 2259 909 2319 essa,
928 2259 989 2309 nee
1002 2238 1100 2307 ullam
1114 2239 1240 2308 civibus

155 2350 353 2419 reddendam
367 2349 537 2430 rationem,
554 2351 711 2422 dsialioas
724 2351 795 2422 illas
804 2352 973 2442 opiniones
987 2352 1162 2442 repudiat⁴‚
1182 2354 1239 2423 sed

155 2464 276 2554 populo
297 2465 328 2532 in
348 2464 463 2553 primis
475 2447 601 2544 suadet,
618 2485 659 2533 ne
675 2469 817 2535 Deorum
831 2465 913 2534 iram
932 2467 1015 2535 ultro
1034 2467 1183 2546 lacessat,
1199 2486 1240 2536 ne

156 2576 339 2665 supplicum
363 2575 578 2665 altariumque
597 2578 671 2665 jura
696 2583 918 2667 aspernetur.⁵
944 2578 1130 2668 «Quisquis
1153 2579 1241 2648 enim

157 2690 357 2780 impietatem
372 2691 406 2759 in
429 2709 465 2759 sa
477 2689 608 2759 admisit
624 2691 665 2760 ab
678 2691 782 2760 ultore
799 2691 932 2760 sceleris
951 2697 1023 2761 Deo
1036 2713 1076 2760 ne
1089 2693 1121 2763 in
1136 2700 1242 2762 morte

157 2804 287 2894 quidem
301 2805 419 2875 dimitti
434 2806 545 2885 solet⁶,
566 2806 623 2874 sed
636 2807 678 2876 ab
690 2808 879 2877 alterolove
894 2807 928 2876 in
940 2808 1052 2877 inferis
1062 2807 1238 2898 judicari.»

157 2923 229 2992 Mox
242 2920 308 2989 voti
319 2942 453 3010 compos
473 2921 655 2991 Danaidum
673 2922 768 2991 turba
783 2924 896 2992 louslis
915 2923 1070 3014 precibus
1086 2923 1242 2992 salutari-

70 3060 75 3073 ·
156 3037 282 3126 busque
297 3036 438 3106 oonsiliis
456 3037 776 3106 observantissimam
793 3037 924 3128 hospitii
936 3045 1069 3128 gentem
1084 3058 1243 3108 remune—

158 3155 270 3219 ratur:
289 3177 303 3213 (ι
329 3154 377 3220 Ne
390 3150 605 3240 dignitatibus
623 3151 852 3221 contumeliam
874 3152 1015 3243 populus
1032 3152 1161 3231 inferat,
1188 3155 1242 3243 qui

160 3282 268 3331 rerum
283 3282 408 3331 summa
421 3263 454 3331 in
468 3263 550 3332 urbe
567 3264 706 3352 potitur;
725 3270 758 3332 el
771 3264 833 3354 ipsi
857 3265 1066 3354 magistratus
1079 3266 1243 3336 eommuni

158 3376 246 3444 bono
258 3375 392 3464 provida
407 3383 515 3445 mente
526 3376 706 3447 consulant.
716 3381 795 3446 Cum
810 3378 951 3446 externis
961 3377 1134 3447 liteslaoile
1147 3400 1245 3448 oom-

195 3736 750 3811 ²AEsuh.,Suppl.,r.10t⁶letsqq.=²
785 3740 822 3795 ld.
861 3739 933 3804 ibid,
956 3758 980 3798 r.
1004 3716 1168 3798 lurni·
1206 3745 1243 3799 ld.

159 3826 232 3887 ibid..
248 3843 272 3882 r.
291 3825 436 3884 1071.=⁴
464 3826 501 3881 ld.
540 3826 862 3888 ibid.,v.3att373.=·
900 3829 927 3882 ld
976 3828 1049 3893 ibid,
1072 3830 1243 3887 uult-617.

162 3912 223 3959 :⁸
263 3913 299 3968 ld.
355 3912 428 3978 inlu„
450 3930 474 3970 r.
490 3912 624 3972 228-232.
