2684 4508
603 162 736 210 ..80-

126 359 359 448 probarentur,
390 354 529 421 nummis
564 354 763 421 remunerari
796 352 909 420 civitas
934 352 1042 421 httioa
1067 352 1204 429 soleret,

126 489 240 560 parum
255 471 456 556 compertum
472 465 650 546 habemus;
676 471 804 535 constat
817 471 905 533 certe
932 470 1156 533 mercaturam
1171 464 1209 532 le

125 585 220 673 gibus
243 581 374 651 vetitam
399 578 600 647 denuntianti
619 579 785 647 dimidiam
814 577 916 666 ipsius
943 577 1064 646 mercis
1083 582 1209 667 partem

125 697 323 784 assignatam
338 693 437 761 fuisse
449 698 470 760 ¹.
492 696 653 761 Praetcrea
669 714 728 761 nos
742 691 909 760 AEschines
923 690 1020 760 docet
1034 691 1210 762 infamibus

127 808 299 897 prostituto
316 826 453 894 corpore
469 807 546 874 viris
568 813 701 895 accepta
726 807 876 875 mercede
890 806 1088 875 delationem
1101 805 1211 882 >lacere

129 953 186 1021 per
200 930 290 1021 leges
304 951 368 998 non
386 929 514 998 licuisse
527 926 539 1017 (
546 923 590 1018 μή
604 923 773 1019 praendere
786 923 1047 1020 συκοφαντείτω)
1059 938 1084 997 ⁹.
1106 929 1211 1018 Vulgo

128 1047 237 1137 igitur,
256 1053 290 1115 ut
315 1047 440 1135 opinor,
459 1066 521 1113 non
543 1046 645 1134 gratis
669 1046 860 1117 laborabant
886 1046 1135 1115 accusationum
1162 1048 1223 1129 isli¹

129 1160 269 1230 artilices
300 1181 339 1227 ae
373 1159 478 1240 labri;
512 1179 648 1248 quorum
674 1157 805 1248 vigilem
830 1158 1052 1247 intentamque
1086 1159 1213 1248 legibus

128 1271 320 1342 ulciscendis
334 1271 525 1340 industriam
546 1271 682 1360 praemio
696 1290 808 1340 carere
822 1270 925 1360 patria
942 1271 1087 1341 nolebat.

173 1415 236 1484 Sed
251 1415 312 1484 alia
328 1415 479 1504 quaedam
501 1421 571 1483 erat
594 1412 716 1482 nefaria
739 1414 806 1492 via,
823 1434 886 1502 qua
901 1413 942 1481 ad
962 1413 1093 1482 divitias
1112 1435 1215 1503 syco-

130 1531 262 1619 phantae
290 1535 528 1618 grassarentur.
558 1528 712 1597 Homines
734 1528 822 1597 enim
846 1526 1019 1596 delationis
1044 1549 1086 1596 ae
1098 1529 1215 1617 iudicii

131 1644 272 1734 pericula
295 1644 423 1722 subire,
448 1649 504 1711 aut
518 1643 621 1732 pretio
636 1662 672 1711 se
693 1641 853 1710 redimere
867 1642 1042 1730 cogebant.
1061 1647 1132 1711 Hac
1146 1648 1216 1710 arte

131 1757 206 1826 Cleo
225 1763 258 1826 et
286 1757 413 1826 sodales
431 1756 503 1835 usi,
533 1755 629 1824 sociis
654 1754 905 1823 Atheniensium.
923 1754 1214 1824 vociferabantur:

134 1900 147 1933 a
174 1872 341 1941 Tribulum
364 1870 442 1938 mihi
470 1870 603 1948 solvite,
622 1869 681 1938 nisi
706 1868 819 1937 urbem
846 1874 988 1936 vestram
1017 1868 1123 1937 velitis
1148 1869 1218 1937 lul-

132 1984 218 2052 mine
242 1988 352 2050 nostro
375 1981 576 2052 subvertit»
607 1980 721 2050 Statim
741 1980 841 2068 igitur
856 1979 1016 2069 pavefacti
1035 1980 1219 2050 insularum

127 2098 295 2187 principes
314 2097 479 2187 exquisitis
492 2096 680 2165 muneribus
695 2095 873 2166 delatorum
888 2097 969 2165 iram
988 2096 1120 2186 placare
1140 2106 1220 2166 stu-

131 2210 263 2279 debant.
285 2211 339 2278 lsli
364 2215 472 2278 autem
487 2209 519 2277 in
534 2229 615 2300 quos
641 2190 876 2304 Demosthenes
894 2214 961 2277 tam
980 2209 1101 2278 acriter
1118 2210 1221 2280 inve-

132 2323 230 2401 hitur,
252 2323 428 2411 Aristogito
443 2342 483 2389 ae
495 2320 691 2390 Tireocrines
706 2373 714 2399 ‚
729 2320 786 2388 tali
800 2321 936 2390 artificio
960 2321 1060 2389 vitam
1078 2329 1222 2393 susten-

132 2436 247 2505 tabant
259 2459 267 2518 ;
285 2435 349 2503 imo
364 2436 514 2522 ingentes
525 2435 586 2503 sibi
600 2453 680 2522 opes
690 2433 886 2514 conflabant,
900 2435 1047 2525 quamvis
1061 2456 1080 2504 a
1095 2438 1222 2527 populo

132 2549 265 2617 minima
279 2569 337 2637 pro
354 2548 477 2616 meritis
492 2549 628 2636 praemia
644 2567 680 2615 se
694 2547 842 2636 accipere
856 2555 1071 2638 quererentur
1082 2554 1106 2618 ⁴.
1124 2555 1222 2620 ller-

134 2661 234 2729 eatori
255 2680 373 2748 nempe
391 2659 507 2729 blicani
525 2658 766 2727 accusationem
780 2658 975 2728 Tbeocrines
996 2660 1160 2742 intendit,
1189 2669 1224 2731 et

133 2802 208 2849 eum
232 2779 318 2869 apud
357 2779 582 2867 magistratum
607 2771 848 2868 (θεσμοθέτην)
871 2781 939 2866 jam
973 2781 1220 2870 expostulavit,

133 2897 289 2965 mercium
313 2914 431 2982 nempe
446 2893 611 2961 dimidiam
638 2898 764 2982 partem
787 2900 958 2983 appetens.
975 2899 1081 2978 Quum
1108 2903 1223 2968 autem

135 3031 267 3079 causam
279 3008 443 3099 iudicibus
457 3007 668 3094 probaturum
685 3026 720 3073 se
740 3005 919 3086 diffideret,
937 3014 1162 3100 metueretque
1181 3034 1224 3082 ne

136 3120 222 3189 mille
236 3119 402 3188 drachmis
415 3118 588 3185 mulctatus
612 3117 683 3186 falsi
705 3117 991 3208 oriminispoenam
1016 3120 1096 3189 dare
1111 3143 1224 3210 eoge-

136 3239 234 3310 retur‚
261 3239 475 3301 mercatorem
495 3231 592 3309 adiit,
622 3232 721 3320 quieti
747 3232 869 3319 ingenii
894 3232 1058 3302 hominem
1082 3238 1116 3301 et
1138 3236 1226 3324 judi·

136 3456 376 3470 —-——-1

175 3643 186 3673 ¹
203 3643 344 3710 Demosthe,
366 3642 424 3697 adv.
448 3643 576 3710 Theben,
597 3663 620 3700 c.
639 3646 708 3703 1325
734 3648 786 3720 (in
802 3650 864 3706 edit.
879 3652 982 3708 Vaemel.
1006 3652 1072 3711 Bibl.
1093 3654 1169 3712 [iidot
1182 3656 1229 3712 in-

139 3731 236 3799 serta).
251 3759 279 3780 =
302 3731 315 3771 ²
333 3730 485 3798 AEschinas‚
510 3732 568 3787 adr.
584 3733 723 3800 Timareh..
739 3753 762 3793 c.
780 3737 812 3796 ⁶21
830 3738 870 3808 (in
885 3739 945 3795 edit.
963 3741 1067 3796 l'aemel.
1083 3741 1150 3800 Bibl.
1166 3743 1227 3800 Did.

140 3816 257 3888 inserta).
268 3819 320 3855 ='
338 3819 476 3889 aristoph,
494 3818 576 3892 Vespr„
594 3840 618 3877 r.
635 3823 733 3882 1571?
747 3825 760 3865 ⁴
775 3825 917 3894 liemoslh„
933 3829 990 3885 adv.
1005 3828 1123 3893 Thanar..
1141 3848 1164 3886 c.
1178 3831 1227 3889 63.
