2684 4508
662 172 817 228 -162-

198 367 272 456 quiri
289 374 425 436 vetusta·
451 368 629 435 honestatis
656 369 739 437 inest
752 378 773 445 ‚'
792 390 853 456 qua
878 373 910 434 ct
929 367 1153 455 spectantibus
1172 374 1207 433 et
1222 366 1281 454 ipsi

198 488 304 570 poetae
321 480 600 549 commendantur.

243 615 308 678 Hos
335 610 434 698 igitur
460 609 592 677 omnino
633 629 843 695 corrumpere
876 629 939 675 non
967 612 1072 696 potest
1103 609 1278 682 Socrates,

196 722 253 789 sed
283 721 482 809 contemptui
500 723 656 808 Juvenum
683 720 814 807 objicit,
847 720 900 809 qui
929 718 1108 807 sophistica
1138 726 1210 786 arte
1238 718 1281 786 it-

196 835 289 912 tenti,
317 834 459 902 oblatam
484 853 592 901 escam
615 831 772 899 facillimo·
788 832 1038 920 ar'ittissimoque
1057 851 1170 898 morsu
1195 831 1280 897 arri-

195 948 297 1034 piunt.
315 948 340 1013 Α
365 945 519 1034 sophistis
534 965 613 1034 ergo
628 952 661 1011 et
682 965 700 1011 a
723 944 941 1032 sophistarum
970 942 1117 1031 principe
1147 948 1279 1011 Socrate

194 1061 319 1126 evocati
342 1062 478 1149 Juvenes
504 1060 537 1125 in
571 1064 886 1147 utramquepartem
908 1078 1023 1125 causas
1048 1060 1091 1125 ita
1126 1077 1278 1144 perorare

194 1173 343 1250 discunt,
365 1182 400 1240 ut
417 1176 508 1263 pejor
522 1195 598 1262 pars
613 1195 744 1261 semper
765 1174 883 1241 vincat.

237 1309 455 1387 Quamautem
469 1307 501 1373 in
516 1309 661 1374 Nubibus
673 1327 804 1374 causam
816 1306 961 1393 perorari
972 1306 1072 1372 votuit
1080 1313 1179 1393 poeta
1189 1312 1205 1374 ⁶?
1218 1311 1277 1374 Ma-

191 1419 310 1486 ximam
319 1420 570 1507 scilicet,etquae
582 1417 1093 1487 succrescentisricissimcivitati
1099 1422 1275 1508 juventutis

191 1532 358 1621 praecipue
374 1530 512 1613 referat;
542 1552 640 1620 quum
665 1532 787 1620 antiqui
812 1552 851 1598 ac
879 1531 1077 1599 recentiores
1100 1552 1275 1620 puerorum

192 1645 394 1713 institutores
408 1646 491 1712 iuter
506 1665 541 1712 se
556 1645 587 1712 in
606 1664 704 1712 scena
718 1644 899 1712 decertent.
917 1645 1026 1725 Qualis
1040 1651 1091 1711 est
1111 1646 1211 1734 igitur
1225 1667 1276 1713 an-

192 1759 280 1845 tiqua
296 1757 359 1835 itta,
378 1777 474 1846 quam
490 1758 622 1847 requirit
638 1757 882 1845 Aristophanes
900 1757 1081 1826 institutio?
1100 1763 1145 1826 Ea
1163 1780 1276 1848 nempe

192 1895 277 1963 quae,
290 1880 324 1942 ut
337 1894 424 1940 nunc
433 1873 580 1960 dicimus,
590 1874 773 1941 auctoritati
784 1893 822 1940 ac
833 1874 1097 1961 tideipraesertim
1108 1876 1274 1944 innitatur.

192 1987 287 2055 Pueri
302 1987 378 2055 otim
404 1987 480 2077 quid
501 1988 540 2055 sit
557 1989 658 2056 virtus
672 2009 711 2055 ac
734 1988 899 2066 fortitudo,
925 1988 1000 2077 quid
1023 1989 1089 2055 sint
1105 1990 1155 2057 Dii
1180 1991 1277 2061 debi-

191 2106 307 2189 tusque
324 2101 389 2168 [tiis
416 2101 521 2170 cultus
546 2108 661 2190 argute
678 2102 845 2191 disputare
872 2123 911 2169 ac
929 2102 1065 2170 detinirc
1086 2124 1151 2170 non
1172 2105 1276 2172 dooe-

85 2226 88 2231 '
189 2215 319 2303 bantur,
347 2213 404 2281 sed
429 2235 447 2281 a
476 2215 598 2282 toneris
622 2215 716 2283 anuis
742 2214 885 2282 carmine
912 2212 1099 2292 discebant,
1134 2220 1276 2286 Deorum

191 2326 348 2414 religione
366 2325 556 2414 virtutisque
569 2326 788 2394 incitamentis
803 2327 911 2414 plena.
925 2330 1000 2400 Hos,
1015 2329 1174 2396 membris
1189 2351 1277 2397 excr-

191 2438 302 2506 cendis
312 2439 367 2505 rtiu
380 2441 532 2516 intentos,
552 2461 568 2505 a
585 2439 655 2507 foro
669 2445 701 2506 et
712 2439 842 2528 Judiciis
855 2439 1049 2508 amovebant
1068 2448 1225 2528 parantes
1239 2461 1276 2508 ac

190 2553 349 2640 magistri.
368 2551 400 2618 Si
416 2552 487 2640 quis
506 2573 624 2646 ¹eorum
640 2553 786 2641 corporis
800 2559 832 2620 ct
846 2553 943 2620 animi
961 2552 1094 2621 mollitia
1110 2575 1276 2643 peccave-

160 2686 164 2693 ’
190 2671 250 2741 rat,
269 2664 294 2730 si
310 2664 392 2751 quis,
415 2664 466 2732 vet
480 2664 512 2730 in
526 2664 724 2734 carminibus
739 2664 905 2742 canendis,
924 2685 1039 2753 parum
1060 2667 1170 2736 viriles
1188 2668 1275 2737 deh-

190 2778 256 2845 cias
272 2784 414 2846 sectatus
429 2784 509 2854 erat,
529 2785 621 2866 tergo
636 2779 743 2845 statim
760 2759 972 2865 plectebatur.
986 2780 1139 2850 seniores
1154 2785 1272 2862 colere,

189 2911 298 2959 coram
314 2892 479 2979 magistris
491 2896 601 2958 tacere
619 2895 778 2978 Spartano
797 2912 899 2979 prope
916 2892 978 2960 ritu
996 2895 1212 2982 cogebantur.
1230 2901 1275 2965 tta

189 3006 334 3073 honestis
347 3005 471 3074 artibus
486 3006 610 3083 imbuti,
624 3010 708 3073 Deos
721 3027 793 3073 essa
807 3027 871 3073 non
885 3009 1061 3096 negabant,
1075 3008 1173 3078 hedis
1189 3033 1274 3082 amu·

188 3117 278 3185 ribus
293 3137 431 3206 corpora
447 3138 510 3185 non
527 3118 725 3205 polluebant,
741 3138 802 3185 nec
816 3117 1027 3207 disputabant
1042 3121 1128 3187 inter
1145 3142 1181 3191 se
1197 3145 1271 3192 num

190 3231 259 3317 ipsa
276 3231 430 3299 honestas
445 3251 563 3298 vanum
574 3231 644 3297 sine
659 3238 767 3299 mente
783 3252 901 3299 nomen
917 3239 1004 3299 esset
1014 3236 1035 3299 ¹.

232 3371 324 3435 Nunc
352 3374 485 3443 autem,
517 3367 620 3455 inquit
643 3367 886 3455 Aristophanes,
919 3369 961 3436 nit
977 3370 1016 3437 iis
1044 3373 1211 3460 uoluptate
1241 3383 1271 3440 rt

189 3479 396 3569 praematuris
416 3478 593 3547 honoribus
608 3476 715 3565 potius
736 3487 796 3546 est.
823 3481 867 3547 ,tu
885 3481 991 3548 torum
1011 3486 1043 3548 et
1057 3483 1191 3570 judicia,
1208 3486 1269 3552 ue-

224 3842 234 3882 1
257 3841 392 3911 aristoph„
409 3840 488 3907 Nuh,
500 3858 524 3896 r.
541 3841 668 3899 eat-985.
