2684 4508
585 239 615 252 -
642 209 687 264 lot
709 240 743 254 -υ

124 405 292 475 docemur.
321 410 536 495 Praxagorae,
562 407 677 485 fateor,
695 427 766 494 quae
783 407 889 475 delato
904 407 1208 477 semelmulieribus

107 526 156 589 'et
179 520 240 589 sibi
263 520 417 609 imperio,
435 526 570 588 cunctas
589 521 733 588 omnium
755 519 901 589 fortunas
917 520 1002 589 inter
1015 542 1051 589 se
1073 521 1205 600 miscet,

122 634 281 722 Blepyrus
303 635 421 722 conjux
435 633 612 702 infirmiora
627 633 724 702 etium
748 640 940 723 argumenta
961 635 1096 723 opponit
1112 655 1208 724 quam

110 746 312 835 'Paupertati
328 747 530 836 Chremylus.
546 752 683 817 Uxorem
699 749 785 815 enim
801 748 906 835 magis
920 748 1101 837 interrogat
1112 768 1208 837 quam

123 858 254 936 refellit,
294 865 327 927 et
355 860 559 928 inconcussae
596 862 665 949 ejus
692 860 838 929 audaciae
878 861 1033 949 paulatim
1060 863 1205 936 cedens.

122 992 219 1040 omne
236 971 391 1060 regendae
416 970 554 1039 civitatis
568 991 686 1039 munus
705 971 842 1039 feminas
864 972 973 1041 subire
988 993 1081 1062 aequo
1100 974 1207 1043 animo

122 1083 255 1170 patitur.
286 1087 370 1162 lmo,
391 1103 491 1172 quum
515 1089 547 1150 et
570 1083 765 1172 pigerrimus
784 1084 845 1162 sit,
864 1091 897 1152 ct
917 1092 951 1152 ut
976 1086 1081 1154 solent
1100 1086 1207 1155 ltne-

123 1198 263 1276 nienses,
284 1197 375 1266 novis
395 1198 493 1266 rebus
510 1198 588 1266 satis
610 1197 799 1277 delectetur,
817 1221 852 1267 se
867 1201 1011 1268 omnium
1027 1203 1206 1270 officiorum

123 1310 297 1379 immunem
314 1312 382 1379 lieri
400 1311 538 1401 gaudet,
560 1318 592 1377 et
620 1311 808 1399 reipublicae
823 1333 928 1400 genus
942 1313 1050 1382 adhuc
1072 1315 1208 1383 intenta·

122 1429 191 1490 tum
207 1424 376 1512 experiri.

167 1562 275 1632 Vincit
294 1583 373 1650 ergo
388 1567 593 1650 Protagora,
615 1569 648 1630 et
668 1563 776 1630 omnia
790 1563 883 1652 jubet
896 1565 928 1632 in
946 1585 1118 1634 commune
1143 1566 1208 1634 de-

123 1674 223 1756 ferri3
247 1676 403 1762 jamnon
435 1673 531 1763 pauci
554 1674 631 1742 ritae
654 1673 778 1743 deliciis
811 1675 975 1759 fruentur3
1006 1697 1045 1745 ex
1077 1678 1207 1766 publico

122 1789 209 1857 enim
224 1809 340 1857 acervo
356 1789 566 1877 magistratus
584 1787 715 1856 feminae
729 1788 884 1879 quidquid
901 1790 1036 1880 singulis
1049 1810 1208 1860 neeessa-

123 1902 206 1969 rium
221 1901 282 1969 erit
299 1922 393 1991 aequo
403 1901 476 1991 jure
499 1902 713 1990 deproment;
733 1903 897 1972 Clriavina
917 1905 1009 1973 dives
1036 1913 1069 1973 et
1077 1924 1207 1994 pauper

123 2015 261 2098 bibent;
282 2015 331 2082 vel
355 2016 463 2104 potius
486 2015 577 2084 dives
599 2021 632 2083 et
658 2035 783 2105 pauper
793 2017 860 2105 jam
886 2017 972 2086 inter
992 2039 1110 2086 senon
1134 2018 1209 2088 dis-

123 2135 317 2206 cernentur,
351 2128 502 2217 quoniam
531 2128 638 2196 omnia
666 2129 808 2198 omnium
837 2138 944 2199 erunt.
976 2133 1208 2225 Quodcumque

124 2240 270 2309 fortunas
290 2263 479 2310 communes
506 2248 539 2310 et
563 2262 675 2330 aequas
701 2243 852 2312 omnibus
874 2265 948 2314 esse
972 2252 1061 2315 vetet
1080 2251 1210 2316 Praxa-

123 2373 203 2440 gora
232 2359 322 2421 tanto
351 2354 482 2442 ,impetu
508 2354 645 2433 evertit,
675 2361 709 2422 ut
738 2356 798 2423 nisi
826 2358 919 2426 nobis
952 2380 1099 2448 praesens
1126 2368 1208 2438 retas

123 2470 237 2538 eadem
253 2471 440 2559 opinionum
454 2477 599 2555 monstra
617 2474 828 2553 ostendisset,
846 2475 1089 2546 Atheniensium
1109 2499 1207 2546 erro—

123 2604 176 2653 res
196 2585 237 2654 ab
259 2570 476 2674 Aristophane
497 2586 581 2654 ultra
601 2608 697 2676 quam
712 2588 861 2678 cuiquam
877 2590 1031 2661 credibile
1056 2592 1098 2661 sit
1123 2614 1209 2662 auo-

122 2703 173 2765 tos
203 2717 275 2765 esse
302 2697 484 2765 credamus.
514 2697 597 2779 Quid
625 2719 702 2767 uero
726 2706 835 2767 nostra
860 2701 998 2791 loquor?
1022 2708 1094 2792 lpse
1115 2706 1207 2773 Plato

122 2809 155 2876 in
169 2811 338 2895 Republica
379 2828 486 2876 nonne
506 2815 607 2877 'uuam
633 2817 722 2878 certe
738 2812 854 2880 civium
882 2814 1038 2893 classem,
1070 2816 1206 2884 militum

122 2923 268 3001 scilicet,
297 2921 477 2991 istiusmodi
492 2921 620 3010 legibus
640 2923 794 3013 subjicit?

167 3062 260 3135 tam,
281 3060 466 3147 Praxagora
476 3059 629 3148 jubente,
647 3079 836 3128 communes
855 3060 986 3130 feminae
1001 3062 1092 3141 frunt,
1109 3082 1207 3131 com·
1255 3040 1258 3047 ¹

122 3191 238 3240 munes
262 3170 379 3240 liberi:
404 3192 478 3259 quae
499 3171 629 3260 quidem
644 3171 837 3241 familiarum
863 3173 1105 3263 officiorumque
1124 3197 1208 3266 per-

121 3284 262 3353 turbatio
288 3285 370 3354 edeo
394 3305 458 3353 non
485 3286 573 3354 cives
600 3285 744 3354 infensos
779 3286 839 3354 sibi
868 3287 1006 3356 invicem
1035 3290 1134 3371 fecit,
1170 3299 1206 3360 ut

121 3402 234 3466 contra
244 3399 438 3469 arctioribus
449 3397 586 3467 vinculis
596 3399 681 3466 inter
691 3419 726 3467 se
740 3401 994 3489 conjungantur;
1005 3424 1104 3492 quum
1119 3405 1206 3474 enim

120 3511 236 3581 iisdem
249 3512 366 3591 rebus,
396 3511 566 3590 uxoribus,
592 3511 837 3601 parentibusue
854 3515 1045 3606 propinquis
1059 3510 1206 3598 utantur,

160 3868 168 3897 ¹
190 3869 327 3940 Aristoplr„
345 3870 473 3926 tatutis,
