2684 4508
589 235 624 246 -
643 204 677 258 iu
694 235 730 248 -

125 401 279 470 damnare
305 399 409 469 coacti
436 405 521 467 sunt.
546 399 621 467 Cleo
646 402 755 466 tamm
768 397 881 466 amicis
904 397 1095 485 priusquam
1114 416 1200 464 rem·

124 514 286 603 publicam
311 519 498 601 capesseret
515 513 738 582 declaraverat
760 533 796 581 sc
821 512 995 580 amicitiam
1019 510 1130 600 potius
1143 509 1200 577 illis

124 628 387 698 renunciaturum
399 646 496 716 quam
511 646 623 696 eorum
647 627 752 716 gratia
771 625 946 715 quidquam
971 625 1092 715 injuste
1112 622 1201 691 face-

125 749 207 810 ret¹.
226 744 260 809 ln
274 740 372 819 bello,
390 760 454 807 non
469 740 593 827 peritus
606 740 736 830 quidem
753 741 939 828 imperator,
955 738 1013 807 sed
1029 739 1101 828 ipsa
1114 737 1203 806 vehe

124 856 244 924 mentia
261 854 345 922 utilis
358 853 441 922 fuit:
462 873 536 922 uam
556 853 663 921 omnia
679 872 757 921 saue
771 851 812 919 ad
831 850 1028 920 obsidendos
1043 849 1202 920 Lacedae-

127 968 253 1037 monius
278 973 449 1055 paraverat
472 966 727 1048 Demosthenem
756 965 827 1033 illos
849 971 958 1032 tamen
980 962 1119 1052 aggredi
1143 982 1201 1030 uon

127 1079 280 1151 audehat.
306 1083 520 1150 Cunctantem
543 1079 642 1168 igitur
656 1098 730 1147 cum
754 1078 881 1147 ueteris
903 1075 1059 1146 militibus
1078 1077 1202 1146 Cleonis

126 1215 236 1265 caecus
256 1194 366 1273 furor,
392 1193 586 1262 delationem
614 1192 723 1261 forsan
739 1192 825 1282 apud
852 1191 1008 1280 populum
1031 1191 1201 1267 minantis,

125 1311 263 1401 impulit.
294 1308 392 1378 llaud
410 1309 522 1389 aliter,
551 1328 649 1398 quum
685 1307 825 1397 undique
850 1308 992 1376 externis
1017 1307 1203 1376 cohortibus

128 1427 237 1491 nostra
263 1421 450 1510 cingeretur
463 1420 586 1499 Gallia,
604 1421 729 1508 legatos
743 1419 784 1487 ad
798 1419 960 1489 exercitus
976 1416 1133 1486 terribilis
1155 1417 1205 1485 ille

127 1540 259 1604 senatus
273 1533 440 1611 mittebat,
469 1533 523 1622 qui
538 1533 631 1602 ducis
658 1532 763 1600 officia
785 1531 829 1600 ex'
852 1536 1000 1620 tempore
1015 1531 1201 1609 discentes,

128 1649 259 1738 proprio
286 1647 403 1717 ardore
428 1652 620 1736 praetorem,
656 1644 788 1723 milites,
824 1645 913 1734 ipsos
941 1645 1121 1734 provinciae
1152 1645 1206 1713 iu-

128 1762 216 1830 colas
254 1760 482 1830 incendebant.
518 1759 634 1830 Ultimo
664 1766 772 1828 autern
798 1758 839 1827 ad
865 1759 1085 1849 Amphipolim
1116 1780 1211 1848 pre·-

129 1877 170 1946 lio
203 1877 355 1945 Cleonem
395 1874 517 1964 fugisse
551 1873 755 1963 Thucydides
785 1873 906 1951 refert,
938 1873 1098 1942 Diodorus
1133 1893 1209 1943 vero

130 2009 248 2078 magna
265 1989 383 2057 virtute
397 1993 597 2078 pugnantem
623 1988 848 2057 occubuisse².
866 1991 969 2069 Quam
984 1987 1115 2077 quidem
1130 2009 1210 2078 pug-

131 2123 204 2171 nam
231 2100 433 2190 Thucydides
447 2101 491 2169 ita
507 2108 616 2167 narrat
638 2106 673 2168 ut
699 2100 892 2189 locupletem
906 2118 946 2169 ac
969 2100 1053 2168 bene
1077 2101 1211 2169 doctum

130 2219 248 2282 testem
261 2211 375 2295 decet;
393 2220 426 2279 at
444 2217 537 2282 vetus
553 2213 585 2281 in
603 2214 755 2283 Cleonem
774 2211 883 2281 odium
901 2212 998 2301 paulo
1022 2214 1211 2302 suspectio-

132 2345 201 2393 rem
233 2344 307 2393 eum
339 2324 427 2392 facit.
459 2324 654 2395 Plebicolam
684 2325 783 2414 igitur
813 2324 1050 2404 concedamuS,
1090 2325 1211 2415 inclyta

132 2438 277 2508 Brasidee
301 2437 416 2527 peritia
443 2457 654 2527 oppressum,
672 2439 705 2507 iu
728 2438 841 2508 vicinis
861 2438 1045 2529 Amphipoli
1075 2439 1213 2508 collibus

132 2550 314 2621 cunctando
329 2551 429 2619 risum
442 2551 582 2619 movisse
595 2551 767 2635 militibus;
788 2543 851 2621 non
866 2552 930 2621 illis
942 2558 1052 2620 tamen
1066 2551 1213 2641 fugiendi

133 2665 262 2753 signum
274 2662 415 2733 dedisse.

177 2794 269 2877 Quod
292 2794 333 2863 de
352 2793 436 2862 fretis
454 2797 593 2864 oraculis
613 2798 811 2886 somniisque
833 2798 963 2885 jocatur
979 2796 1215 2885 Aristophanes

134 2927 198 2976 uon
219 2907 335 2976 falsum
355 2907 506 2986 arbitror,
526 2908 651 2997 quoties
666 2908 859 2998 Thucydidis
876 2910 982 2979 locum
996 2915 1134 2997 reputo,
1160 2911 1214 2979 ubi

133 3021 225 3110 plura
238 3022 368 3090 oracula
382 3020 649 3110 Peloponnesiaci
663 3022 740 3091 belli
752 3023 842 3092 initio
859 3023 1018 3092 Graeciam
1034 3029 1214 3113 pervagata

134 3159 206 3208 esse
221 3136 390 3228 legimus³,
407 3143 440 3207 et
454 3139 681 3208 Demosthenis
695 3141 832 3208 oratoris
847 3146 965 3219 artem,
985 3141 1055 3229 qui,
1080 3140 1134 3209 vix
1148 3161 1215 3209 au-

133 3250 200 3318 dita
228 3251 367 3341 Philippi
391 3260 517 3331 morte,
544 3252 576 3320 in
604 3252 768 3341 publicum
794 3254 942 3342 prorupit
966 3260 999 3322 et
1024 3255 1130 3323 aDiis
1156 3275 1215 3344 per

134 3374 262 3438 noctem
281 3363 353 3438 sese
377 3370 471 3459 hujus
494 3369 607 3438 mortis
635 3371 790 3439 monitum
814 3391 886 3440 esse
914 3372 1065 3442 clamavit
1074 3371 1098 3442 ⁴.
1124 3375 1215 3462 Ejus

168 3719 178 3748 ¹
197 3719 276 3778 plut..
292 3720 318 3774 in
332 3719 395 3775 libro
419 3742 424 3773 τ
449 3722 491 3776 An
503 3723 559 3778 seni
569 3722 723 3794 capessendo
735 3723 769 3776 sit
780 3722 932 3794 respublica.
957 3741 985 3762 =
1012 3722 1025 3763 ²
1045 3723 1208 3795 Thucydide,

131 3807 160 3862 L.
178 3807 206 3868 V,
220 3823 242 3861 c.
261 3809 304 3865 11.
322 3839 351 3849 ·-
367 3806 439 3872 Diod,
455 3807 518 3873 Sic„
537 3811 565 3865 L.
578 3806 634 3874 llll,¹
649 3827 672 3864 c.
689 3809 731 3863 75.
746 3825 774 3846 =
787 3809 805 3878 ὅ,
818 3810 929 3881 'l'huoyd
959 3811 987 3866 L.
1002 3813 1022 3864 ll
1037 3855 1042 3875 ,
1059 3829 1082 3866 c.
1099 3812 1150 3865 801
1165 3811 1208 3867 fil.

15 3922 21 3929 -
130 3917 164 3942 ==
187 3892 476 3959 ⁴Plut.,in1)emostlr.
492 3897 548 3962 vit,
563 3915 585 3951 c.
602 3897 646 3952 ⁶2⁰2.
