2684 4508
553 213 686 264 -l5..

81 401 255 491 designare
266 407 469 491 putarentur.
489 407 594 486 Quam
607 404 693 473 enim
713 405 945 495 Amphiaraum
967 414 1072 475 ratem
1086 425 1161 475 vera

82 514 204 602 pietate
216 534 257 585 ac
272 516 393 587 virtute
402 515 536 589 ductum
552 516 766 606 depinxissct,
783 538 846 588 naa
856 517 978 588 honum
994 537 1031 586 se
1047 517 1159 598 rideri,

82 625 223 699 sedasse
235 626 342 717 reipsa
359 626 557 717 capientem,
574 634 609 701 et
620 628 795 720 prudentia
815 629 950 701 canalia
970 630 1034 699 alta
1054 636 1162 699 manta

81 758 213 829 semper
224 740 441 822 molientem,
462 747 682 832 spectatarum
697 743 802 815 amois
816 763 990 815 museum
1006 745 1038 812 in
1051 743 1163 813 hristi-

81 852 157 923 dcm
167 852 426 942 comacitoculos
440 861 473 925 et
489 856 642 927 unanimo
655 856 773 946 plausa
784 857 891 929 uirum
902 857 1083 937 sauramr,
1095 858 1163 946 jam

82 967 252 1039 Plataeensi
279 968 439 1050 victoria,
466 976 500 1041 et
523 970 685 1061 acuitatis
711 970 920 1041 tenacissimo
947 970 1054 1041 studio
1077 971 1164 1041 insi-

81 1081 209 1170 gncm³.
237 1084 322 1155 Num
340 1083 512 1173 AEschylas
536 1084 643 1172 ipsam
669 1085 843 1159 Aristidem
865 1085 999 1155 laudare
1025 1085 1164 1155 voluerit

82 1192 203 1262 nemini
216 1194 313 1284 plane
324 1196 511 1284 perspicere
524 1179 1165 1288 licamscimasanim-qaamsoepavalgus

81 1311 737 1402 erratquunaaquepaaaseamaam
749 1311 935 1385 inanimum
947 1309 1164 1400 indusitprae-

81 1423 186 1493 senis
198 1423 354 1512 temporis
371 1422 561 1496 hominihus
575 1431 612 1496 et
633 1426 729 1496 hctis·
745 1425 888 1497 alludere
907 1423 1043 1514 judicat.
1063 1427 1164 1495 aare

81 1557 153 1607 rum
166 1537 252 1607 haud
267 1536 363 1610 lacile
375 1538 542 1611 crederem
557 1540 777 1610 adversariam
785 1537 984 1628 Amphiarai,
995 1538 1159 1627 Tyrtaeum,

79 1653 120 1722 ad
145 1653 370 1723 Themistoclis
398 1654 542 1743 effigiem
563 1653 610 1724 ah·
623 1652 773 1742 AEschylo
796 1652 1012 1742 compositum
1031 1651 1159 1721 laissa:

80 1772 333 1844 Themistoclem
342 1793 422 1844 sanc
436 1773 527 1842 urhis
540 1772 813 1861 perturbatorem,
824 1772 886 1848 τῆς
897 1763 1024 1847 πόλεως
1039 1794 1162 1860 ταρακ-

79 1908 165 1975 τορα
181 1886 372 1977 Eupatridaa·
391 1884 655 1963 naroinavarunl,
678 1883 737 1952 sad
756 1883 955 1956 homicidam
973 1891 1007 1955 et
1024 1886 1163 1975 Erinnys

80 2000 263 2070 ministrum
278 2019 384 2077 nemo,
400 1997 462 2066 nisi
473 1989 616 2068 dementi
631 1997 721 2068 rabia
735 1998 902 2089 abreptas,
919 2005 1045 2068 lantum
1057 1999 1163 2069 viram

81 2111 274 2181 vocavisset.
291 2110 326 2180 ld
343 2129 423 2199 ergo
449 2109 534 2178 inter
554 2113 609 2177 tct
624 2111 831 2199 conjecturas
849 2117 973 2178 certum
1000 2111 1095 2182 nohis
1124 2132 1164 2180 ac

81 2223 180 2293 lixam
192 2227 333 2303 mancat,
347 2222 428 2313 justi
447 2221 528 2291 civis
542 2221 719 2311 imaginem
736 2221 848 2291 inhac
860 2222 1022 2313 tragoedia
1035 2223 1079 2292 ita
1090 2223 1162 2293 des·

81 2337 218 2427 criptam
231 2337 342 2417 luisse,
356 2342 391 2407 at
406 2336 811 2426 populuspnrdaniiorum
819 2336 958 2406 coasilia
971 2337 1083 2406 muira
1099 2337 1162 2406 dis·

79 2461 169 2524 caret
183 2459 217 2523 et
237 2473 365 2523 errores
379 2473 455 2522 suos
468 2453 696 2543 propriamque
718 2453 937 2522 temeritatem
957 2471 1084 2532 cavere,
1102 2473 1162 2522 sa-

80 2568 257 2658 piantiarcs
277 2588 354 2636 vero
369 2568 488 2656 populo
508 2585 609 2656 prava
629 2566 760 2656 jubenti
780 2587 965 2656 repugnare
985 2573 1160 2656 pararant:

81 2711 95 2744 a
111 2688 224 2752 iustus*
231 2681 318 2750 enim
331 2680 439 2758 homo,
450 2680 553 2770 inquit
561 2680 742 2769 AEsclrylus,
751 2680 781 2749 si
792 2680 912 2770 populo
920 2680 1070 2748 deliranti
1085 2680 1163 2749 min-

79 2802 134 2865 tus
147 2795 258 2872 hrarit„
272 2793 341 2883 pari
356 2792 452 2862 exitio
466 2811 539 2860 cum
558 2811 601 2860 eo.
610 2797 771 2861 corruet&
790 2818 803 2854 a

125 2930 191 3000 Sub
205 2928 350 3018 ejusdam
368 2927 488 2997 iahulae
506 2928 614 3006 linem,
632 2927 727 2995 simili
743 2927 812 2997 lere
833 2928 929 2997 modo
946 2928 1085 3018 popalus
1097 2928 1163 2996 arl-

80 3048 230 3113 monatur
244 3042 510 3132 objurgatarque.
530 3044 611 3110 Nam
621 3042 773 3130 AEchylus
787 3042 893 3111 orbati
913 3041 1078 3131 sepultura
1093 3045 1162 3110 Po-

80 3157 193 3246 lynicis
213 3155 492 3261 sacrilegiamncn
515 3155 596 3244 regi,
617 3162 653 3224 ut
667 3162 780 3244 postea
794 3155 984 3244 Sophocles,
999 3153 1056 3224 sad
1071 3156 1161 3226 Cad-

114 3542 123 3572 ¹
139 3542 232 3614 AEschy
248 3585 254 3608 ,
270 3540 342 3614 Sept.
357 3541 416 3599 ndc.
437 3541 496 3608 Th..
511 3557 535 3598 r.
552 3541 604 3597 592
621 3549 646 3596 at
662 3542 724 3600 199.
752 3576 779 3598 =
805 3542 898 3600 'Plut
915 3541 939 3599 in
950 3544 1080 3613 Aristide,
1091 3563 1113 3603 c.
1131 3547 1158 3604 :a

74 3656 109 3684 =
132 3629 142 3658 ⁸
168 3631 253 3688 Schal.
270 3629 396 3701 Aristum.
414 3629 444 3685 ad
465 3629 539 3691 lion..
569 3646 595 3685 v.
617 3629 696 3696 1225,
728 3632 874 3703 tragoediam
898 3631 967 3689 illam
989 3634 1084 3707 aliquot
1105 3646 1159 3706 post

75 3718 252 3777 Peraaaaaais
266 3719 292 3775 in
307 3734 406 3775 socnam
428 3717 556 3774 inductam
571 3716 649 3774 irrisae
673 3725 788 3786 testator,
805 3719 920 3792 quamvis
935 3720 1084 3776 Plutarchus
1097 3729 1155 3778 anta

73 3823 154 3879 quam
170 3806 361 3863 Salaminiacum
388 3805 518 3863 uictoriam
539 3813 639 3862 enarret
662 3807 794 3864 Aristidem
815 3824 831 3864 a
849 3809 938 3880 populo
954 3808 990 3867 ilo
1016 3808 1154 3866 sahrtatara

75 3893 176 3949 ralerat.
188 3914 216 3926 ··
230 3895 239 3922 ⁴
257 3894 371 3964 AEschy..
388 3892 458 3965 Sept.
475 3893 536 3948 adar.
555 3891 642 3958 rtet..
660 3911 685 3951 v.
701 3894 753 3949 llt5
767 3902 793 3949 ct
807 3911 861 3967 sqq,
