2684 4508
577 158 734 213 -183-

44 406 50 413 -
117 370 217 438 luisse
229 372 524 456 putemuslNonne
537 369 752 437 eumlloratio
763 369 1134 449 libenterassimilemus,
1145 370 1200 459 qui

117 502 218 570 quum
231 481 264 549 in
279 481 385 550 satiris
401 481 570 550 lrumanaa
584 483 650 550 Diis
665 503 729 550 non
745 484 851 552 curari
864 484 1065 576 prolitealur,
1077 483 1109 551 in
1123 502 1201 550 car-

117 595 259 664 minibus
273 595 519 664 lamenoivibus
531 596 645 663 suadet
661 602 695 664 ut
715 596 757 664 ad
770 601 856 686 Deos
870 597 925 664 diu
945 595 1111 686 neglectos
1125 595 1202 663 ani·
1255 621 1256 624 ¹

118 729 207 776 mum
222 729 333 778 rursus
348 713 555 790 convertanl3
574 728 632 797 per
646 708 717 777 illos
731 709 863 777 enimet
877 709 1006 778 stetisse
1020 708 1198 797 quondam,

119 826 153 889 et
175 841 262 889 nunc
278 827 364 889 stare
382 825 562 890 Romanum
586 820 769 909 imperium.
786 820 890 889 Ambo
915 820 1039 912 scilicet
1054 820 1203 897 videntur

118 935 283 1024 antiquam
311 935 521 1024 religionem,
541 935 672 1023 antiqua
697 934 828 1002 numina
846 935 943 1002 stulta
961 935 1055 1003 simul
1080 940 1112 1003 et
1136 954 1204 1024 po-

120 1049 187 1137 puli
214 1048 359 1119 moribus
379 1048 467 1135 utilia
487 1048 664 1137 judicasse.
693 1048 780 1130 Quin
802 1048 900 1116 etiam
922 1047 1090 1116 Horatium
1112 1044 1202 1116 multi

120 1161 207 1250 apud
223 1181 281 1230 nos
298 1160 408 1230 forsan
423 1161 609 1230 existiment
622 1161 763 1249 publicae
778 1159 927 1249 religioni
942 1160 1048 1228 minus
1069 1159 1203 1250 periculi

119 1276 310 1343 intentasse.
324 1275 498 1354 Nonenim
506 1277 600 1363 plati,
614 1279 650 1343 ut
664 1275 734 1363 ipse
749 1273 804 1354 ait,
819 1293 986 1343 sermones
1003 1279 1036 1342 et
1049 1273 1204 1364 pleraque

121 1387 265 1456 carmina
279 1387 497 1478 componebat
518 1387 688 1469 Horatius;
713 1407 812 1477 quum
827 1387 963 1478 equites·
973 1385 1034 1456 sibi
1049 1385 1204 1475 plaudere

120 1499 200 1569 satis
212 1499 421 1570 existimaret.
439 1500 563 1582 Quibus
589 1520 669 1588 ergo
684 1499 813 1588 scriptis
827 1498 915 1588 plebi
930 1498 1081 1568 Horatius
1104 1498 1205 1566 inno-

119 1613 195 1692 tuit,
215 1613 274 1682 nisi
287 1613 389 1682 sacris
402 1613 464 1682 illis
476 1611 686 1690 carminibus,
704 1633 777 1701 quae
802 1612 932 1702 publico
947 1617 1106 1705 apparatu
1118 1631 1205 1679 can-

122 1724 184 1793 tari
194 1725 341 1814 jubebat,
361 1726 501 1795 mendax
513 1725 583 1814 ipse
598 1729 739 1792 Deorum
754 1725 868 1804 cultor,
886 1726 1052 1814 Augustus
1065 1730 1081 1793 t
1095 1727 1206 1820 ltaque
1251 1808 1253 1811 .

122 1835 310 1929 religiosum
340 1839 588 1917 tantummodo,
620 1837 670 1906 vel
705 1845 795 1908 certe
825 1837 992 1929 religionis
1016 1857 1206 1928 praeconem

122 1952 291 2021 Horatium
304 1953 398 2042 plebs
421 1959 577 2032 nouerat,
603 1972 668 2021 non
697 1951 873 2022 bifrontem
892 1953 979 2023 bunc
997 1957 1132 2031 lanum,
1150 1951 1205 2042 qui

123 2066 207 2135 inter
233 2067 391 2136 sodalium
412 2067 544 2159 epulas,
567 2067 725 2157 Epicurea
752 2068 915 2155 planede
940 2067 1008 2136 Diis
1031 2066 1203 2136 sentiebat.

122 2181 164 2248 lt
181 2185 294 2248 eontra
321 2179 553 2271 Aristophanes
581 2181 781 2248 multitudini
805 2179 1000 2248 deridendos
1021 2178 1202 2258 Bacchum,

123 2298 160 2360 et
175 2293 361 2374 Herculem,
394 2300 427 2363 et
451 2295 664 2374 Mercurium,
698 2300 731 2363 et
757 2293 991 2382 AEsculapium,
1020 2299 1053 2363 et
1076 2297 1206 2382 Neptu·
1253 2349 1257 2354 .

123 2427 221 2487 num,
244 2412 277 2476 et
298 2413 408 2477 lovem
435 2409 654 2497 preponebat3
667 2407 830 2499 idemque
854 2408 1054 2476 multitudini
1077 2405 1207 2496 patrio-

124 2542 195 2590 rum
215 2527 357 2591 Deorum
371 2521 583 2590 insectatores
599 2521 762 2613 sophistas
779 2519 1001 2590 denuntiabat.
1019 2518 1206 2610 Euripidem
1244 2515 1249 2520 ’

123 2636 350 2725 sophistasque
363 2634 492 2703 nolebat
509 2634 628 2705 eJovis
646 2634 754 2702 fabula
773 2633 859 2702 vitiis
877 2638 911 2702 et
922 2633 1088 2703 adulteriis
1102 2617 1207 2703 excu-

124 2751 267 2819 sationes
285 2769 434 2839 quaerere
460 2773 467 2817 :
490 2748 561 2837 ipse
585 2755 693 2817 autem
709 2768 772 2837 quo
792 2748 905 2818 habitu
926 2753 1038 2818 lovem
1064 2749 1207 2838 aliosque

126 2869 210 2933 Deos
237 2864 381 2952 effingit,
413 2851 557 2931 medium¹
581 2882 656 2931 aera
687 2861 909 2951 trajicientes,
949 2868 986 2944 ut
1023 2862 1205 2930 mortalium

123 2998 242 3048 uxores
260 2978 396 3047 adeantl

171 3121 250 3186 llaee
263 3116 357 3186 nobis
371 3116 510 3205 primum
529 3120 714 3193 occurrunt,
732 3119 765 3183 et
776 3114 1031 3207 Aristophanem,
1044 3115 1093 3186 vel
1108 3135 1205 3184 men-

127 3227 211 3302 dacii
226 3228 275 3296 vel
291 3226 490 3295 incredibilis
512 3227 649 3295 levitatis
666 3230 699 3295 et
725 3226 953 3296 inconstantiae
975 3247 1203 3318 argueremus,

66 3353 67 3362 ’
127 3341 187 3410 nisi
204 3362 277 3410 mox
292 3340 536 3410 recordaremur
545 3340 631 3408 hanc
644 3345 783 3413 Deorum
799 3339 994 3409 derisionem
1013 3341 1130 3415 Atticae
1141 3339 1207 3433 ple·

125 3460 253 3530 beculae
266 3459 442 3529 solemnem
459 3458 578 3539 luisse,
597 3480 657 3528 nee
678 3459 769 3539 ideo,¹
786 3479 845 3549 per
858 3459 976 3528 multas
991 3455 1112 3540 annos,
1130 3459 1206 3552 ple-

126 3567 234 3642 beiam
255 3571 445 3661 religionem
467 3571 680 3640 imminutam.
700 3575 735 3644 ln
750 3571 801 3641 his
816 3591 893 3641 vero
915 3563 1119 3662 temporibus
1131 3591 1206 3664 quae

127 3685 212 3752 inter
232 3684 373 3754 deletum
389 3705 407 3752 a
426 3683 574 3758 barbaris
587 3684 757 3772 imperium
778 3688 958 3753 Romanum
973 3705 1013 3752 ac
1025 3697 1207 3753 renascen-

128 3798 171 3864 tia
185 3802 299 3886 quarto
319 3796 445 3865 decimo
460 3803 533 3886 post
551 3797 712 3866 Christum
732 3799 840 3868 seculo
860 3803 1005 3868 veterum
1028 3797 1205 3867 litterarum
