2684 4508
650 205 791 259 -10-

183 412 256 476 tuor
270 411 303 473 et
316 404 437 472 decem
459 409 534 491 post
560 422 663 471 annos
684 401 878 490 tragoediam
906 399 1024 479 edidit,
1047 403 1139 490 cujus
1165 400 1266 469 choro

183 523 331 608 sumptus
357 516 544 606 praebuerat
563 514 807 589 Themistocles.
833 514 1008 604 Phrynichi
1030 513 1152 583 scilicet
1175 517 1267 582 Plue-

182 633 276 699 oiseis
300 629 513 700 Salaminiaca
539 628 674 719 victoria
710 628 947 706 celebrabatur,
973 647 1070 716 quam
1093 627 1267 717 AEschylus

181 744 277 833 paulo
290 747 365 832 post
376 743 409 812 in
420 742 526 810 Parsis
540 740 687 813 omer.
698 741 785 812 'linc
794 737 987 831 qubusdam
999 741 1134 810 eruditis
1144 741 1268 831 placuit

183 879 235 927 res
249 857 293 925 ita
305 856 489 946 disponere,
509 861 545 924 ut
562 854 765 942 Phrynichus
786 854 819 922 in
833 853 1076 933 Themistoclis,
1097 854 1268 944 AEschylus

182 971 215 1041 in
226 968 376 1039 Aristidis
392 969 562 1047 honorem,
577 967 757 1057 tragoedias
768 967 991 1058 composuisse
1003 967 1218 1048 viderentur²,
1234 975 1269 1037 et

183 1083 296 1174 populi
312 1087 411 1173 atque
421 1081 617 1172 optimatum
628 1081 777 1170 partibus
792 1099 850 1150 sus
862 1081 1005 1150 vicissim
1020 1080 1090 1149 laus
1109 1100 1269 1170 suumque

183 1196 382 1286 praeconium
397 1194 566 1286 obtigisse.
588 1192 680 1276 Quod
692 1192 824 1282 quidem
839 1214 901 1264 nec
921 1191 1038 1263 salsum
1051 1214 1125 1263 osse
1139 1194 1267 1264 dixeri-

184 1329 267 1388 mus,
282 1329 343 1378 nec
354 1329 432 1378 vero
444 1306 611 1386 dissimile,
629 1307 686 1375 sed
699 1306 930 1377 infirmioribus
941 1313 1051 1377 tamen
1064 1309 1267 1397 argumentis

184 1421 368 1491 subnixum.
394 1421 536 1491 Primum
552 1420 717 1500 omnium,
743 1419 872 1490 edamsi
891 1419 1094 1510 Phrynichus
1112 1420 1146 1489 in
1165 1422 1268 1488 Plcae-

173 1537 277 1612 ¹russis
297 1535 493 1622 peculiarem
507 1538 541 1602 et
558 1539 706 1622 apertam
732 1533 860 1609 laudem
881 1533 1088 1603 Themistocli
1107 1533 1264 1613 dedisset,

183 1666 260 1716 num
285 1646 437 1717 continuo
458 1647 544 1715 inter
567 1642 792 1716 Themistoclis
812 1662 853 1717 ae
876 1647 987 1736 populi
1012 1642 1158 1716 lautores
1179 1652 1268 1716 esset

186 1761 415 1851 reponendus?
428 1762 508 1844 Quis
520 1762 606 1830 enim
623 1765 810 1859 Graecorum
826 1757 1076 1830 Themistoclem
1096 1757 1268 1850 aliquando

184 1892 250 1944 non
277 1874 455 1943 admiratus
480 1880 550 1959 est?
582 1878 695 1944 Nonne
723 1873 811 1943 illum
836 1872 938 1960 totius
962 1870 1098 1943 Graeciae
1119 1893 1269 1942 conuen-

183 1994 237 2058 tus
277 1988 375 2078 longo
413 1986 547 2076 plausu,
564 1987 743 2056 sabrano.
780 1987 894 2057 Nonne
927 1987 999 2078 ipsa
1030 1986 1264 2067 Lacedaemon,

182 2099 318 2171 Athenis
342 2097 490 2170 invidens
518 2105 552 2169 et
582 2099 730 2190 populari
761 2097 950 2191 reipublicae
980 2098 1100 2191 ubique
1126 2098 1264 2181 inlensa,

186 2215 322 2286 summis
340 2235 415 2285 eum
430 2215 611 2284 honoribus
622 2219 796 2304 prosecuta
816 2217 909 2282 est⁴l
929 2214 980 2284 Nil
994 2213 1112 2284 mirum
1129 2216 1229 2307 igitur
1241 2216 1270 2284 si

183 2327 255 2418 quis
271 2334 379 2418 poeta,
394 2328 449 2418 qui
464 2327 571 2398 neutri
588 2327 726 2397 forsitan
740 2326 872 2397 factioni
886 2322 1026 2408 larebat,
1048 2332 1176 2416 gratam
1190 2347 1269 2398 om-

185 2441 281 2511 nibus
292 2439 555 2521 Adueniensrbus,
570 2440 636 2509 imo
647 2438 781 2520 Graecis,
797 2438 994 2528 tragoediam
1006 2438 1068 2511 sub
1080 2436 1270 2510 Themisto-

185 2556 243 2626 clis
268 2554 450 2646 patrocinio
482 2554 596 2625 edidit.
623 2557 694 2624 Non
725 2551 815 2623 hunc
853 2559 1047 2644 patronum,
1089 2560 1126 2624 ut
1155 2554 1266 2634 credo,

185 2670 355 2761 AEschylus
373 2669 570 2760 accepisset;
585 2669 645 2740 sed
660 2667 846 2760 AEschylum
865 2669 1077 2767 optimatibus
1094 2669 1189 2740 ualde
1205 2670 1272 2739 ad-

176 2785 307 2882 dictum
321 2783 422 2854 luisse
435 2783 582 2874 plurimis
596 2783 667 2854 aliis
680 2783 883 2875 argumentis
897 2784 1083 2866 edocemur,
1100 2785 1177 2877 quid
1191 2806 1269 2855 vero

183 2897 389 2988 Phrynichus
408 2896 451 2966 de
475 2898 576 2967 rebus
597 2896 737 2988 publicis
758 2885 898 2968 senserit
921 2897 965 2968 ita
984 2899 1144 2971 incertum
1170 2904 1270 2969 estut

186 3012 368 3091 nulliscun
381 3011 530 3104 partious
544 3012 731 3084 adscribere
745 3012 855 3083 liceat.
913 3010 916 3016 ⁴

190 3334 435 3349 m

223 3628 231 3663 ¹
252 3626 329 3696 Arp„
346 3623 431 3689 Pers,
448 3624 560 3696 AEscbyl.
572 3623 695 3690 -Plut,
711 3624 736 3679 in
751 3623 848 3685 Tium..
863 3641 886 3679 c.
903 3623 930 3680 3.
942 3627 996 3670 =2
1014 3621 1096 3678 Bentl.
1110 3638 1160 3693 op..
1177 3638 1200 3693 p.
1217 3621 1270 3680 aba

188 3719 213 3766 et
227 3728 320 3784 sqq.-
329 3711 447 3767 Wclclrer
463 3711 555 3782 (Moe,
567 3710 650 3776 ricco„
662 3710 739 3776 1837,
754 3729 777 3781 p.
793 3709 844 3770 211
861 3716 886 3766 ct
900 3713 966 3783 sqq.)
980 3709 1090 3782 Uterque
1105 3708 1270 3780 uWagnerio

189 3801 280 3866 citatur
296 3802 322 3857 in
346 3801 463 3874 Tropicis
476 3803 630 3874 frequente
644 3799 708 3858 Bibl.
728 3801 783 3857 Did.
799 3800 916 3867 insertis,
933 3801 964 3857 ad
976 3798 1116 3873 Phryniclr.
1133 3796 1225 3856 Ploen.
1238 3823 1270 3843 =

190 3891 199 3920 ⁸
220 3888 299 3951 Plut,
316 3890 341 3944 in
360 3887 518 3962 Themisl.,§
535 3889 577 3948 l'l.
591 3903 619 3926 =
636 3889 647 3920 ⁴
667 3888 740 3953 ibid,
779 3887 853 3953 iliu..
891 3887 951 3945 ibid.
