2684 4508
600 171 738 223 ηρ-

124 366 272 432 armarit.
296 366 355 433 llic
377 365 463 432 enim
478 365 652 434 Alcibiadis
674 367 772 433 etiam
798 366 830 434 in
855 365 1015 455 loquendo
1040 369 1207 438 mollitiem
1229 332 1233 337 i

125 477 289 560 deridet¹;
318 485 351 545 et
364 479 608 547 Atheniensium
629 479 878 548 inconstantiam
902 480 1061 569 increpat,
1079 484 1208 571 magis-

125 598 227 660 tratus
241 593 273 659 in
288 591 358 660 dies
372 594 596 661 mutantium2.

168 726 202 790 ln
217 721 271 789 illo
297 728 405 791 autem
427 725 615 802 certamine,
632 725 718 813 quod
742 725 845 794 fusius
867 747 941 794 mox
968 729 1205 806 enarrabimus,

124 835 275 924 quodque
296 856 336 904 en
361 836 542 905 enimenim
570 845 658 906 motu
681 838 723 906 ad
753 839 916 928 sophistas
937 845 1034 928 atque
1060 841 1209 911 rhetores

125 967 356 1018 conversorum
369 955 519 1019 exortum
533 958 594 1029 est,
612 952 698 1020 haud
714 952 824 1041 dispar
838 954 898 1022 tuit
910 955 1110 1022 comicorum
1126 975 1210 1024 cou-

126 1081 254 1132 sensus.
271 1066 391 1133 0mnes
403 1066 491 1134 enim
517 1067 549 1134 in
565 1071 743 1147 Socratem,
756 1068 959 1157 Euripidem,
984 1072 1161 1147 Matonem,
1179 1069 1210 1135 in

127 1180 268 1245 Deorum
296 1198 336 1246 ac
367 1199 475 1247 rerum
509 1185 636 1249 naturae
663 1186 861 1250 scrutatores
885 1181 1010 1263 invehi;
1044 1187 1209 1251 vetustum

127 1303 240 1353 omnes
267 1304 403 1363 morem,
442 1285 599 1354 adversus
624 1306 724 1356 novos
743 1289 922 1376 juventutis
948 1286 1111 1366 doctores,
1147 1287 1211 1355 de·

127 1397 271 1466 tendere.

172 1531 241 1594 Non
256 1528 301 1596 ita
319 1535 428 1597 tamen
443 1536 565 1598 rectam
588 1550 627 1597 ac
648 1530 829 1618 simplicem
851 1530 937 1597 riam
965 1530 1081 1598 comici
1107 1531 1209 1599 secuti

127 1646 203 1710 suut
222 1647 258 1710 ut
271 1641 441 1711 mordaces
449 1645 542 1732 jocos
555 1649 588 1711 et
601 1643 743 1711 intamiae
756 1649 850 1712 notas
868 1644 945 1712 solis
959 1643 1131 1733 injicerent
1145 1645 1211 1733 ple

126 1756 251 1835 bicolis,
279 1756 489 1844 optimatibus
512 1776 588 1825 vero
613 1763 771 1844 perpetua
801 1757 1001 1846 indulgentia
1022 1764 1208 1845 parcerent.

125 1873 173 1937 Ne
185 1869 257 1937 ihos
267 1868 398 1957 quidem
411 1869 584 1957 optimates
592 1870 648 1957 qui
663 1870 836 1958 pristinum
858 1890 968 1938 rerum
992 1876 1112 1938 statum
1126 1871 1210 1941 tueri

125 1980 311 2058 studebant,
330 1986 364 2047 et
382 2000 482 2048 novas
495 1982 651 2069 argutias,
678 2002 761 2051 nova
777 1987 963 2050 commenta
980 1982 1211 2070 aspernaban-

125 2099 188 2171 tur,
203 2094 343 2163 intactos
355 2094 525 2182 rquuere,
543 2096 600 2163 sed
613 2095 738 2164 levibus
751 2115 808 2164 eos
820 2095 1007 2164 vulneribus
1017 2095 1209 2182 attigerunt.

127 2208 251 2277 Cimoni
272 2204 400 2278 mortuo
414 2229 453 2279 ea
467 2209 579 2297 objicit
592 2209 742 2297 Eupolis,
764 2229 838 2298 quae
853 2208 1088 2276 comoediarum
1109 2228 1212 2296 speo-

126 2326 249 2389 tatores
263 2320 413 2389 facilhme
426 2321 598 2409 ignoscere
613 2321 728 2390 solent:
747 2321 892 2410 longiora
907 2319 1030 2388 scilicet
1044 2319 1209 2397 contina,

124 2433 349 2523 jucundosque
381 2434 452 2502 illas
480 2453 561 2522 quas
593 2438 720 2521 Spartae
751 2435 873 2522 agebat
906 2439 1052 2502 noctes³.
1087 2433 1212 2502 Niciam

126 2547 240 2614 timide
254 2546 454 2635 respublicas
471 2552 696 2633 capessentem
709 2566 775 2613 non
788 2546 921 2615 deluere
940 2547 994 2634 qui
1016 2546 1209 2624 irriderent,

126 2660 224 2729 ethis
237 2661 317 2749 ipsis
334 2662 418 2750 jocis
434 2661 475 2729 ad
494 2662 732 2747 cunctationem
746 2661 973 2750 deponendam
989 2661 1209 2738 hortarentur.

125 2773 191 2842 Sed
204 2773 359 2862 quidquid
373 2774 417 2843 illi
431 2775 500 2843 viro
516 2775 631 2843 comici
640 2775 850 2864 exprobrant,
874 2774 1021 2844 consulto
1040 2778 1212 2841 attenuare

125 2892 161 2955 et
172 2886 264 2976 quasi
273 2887 357 2955 intra
372 2892 479 2956 certos
489 2888 647 2956 terminos
661 2889 829 2958 continere
848 2888 991 2957 student.
1006 2891 1100 2954 Hunc
1114 2887 1213 2955 Tele-

128 2999 228 3069 clides
245 2999 393 3088 depingit
413 2999 611 3069 delatoribus
629 3022 699 3090 prae
723 3009 812 3071 metu
826 3002 1066 3079 inservientem,
1083 3001 1213 3070 divitias

127 3132 189 3200 que
202 3112 395 3202 largientem
410 3119 445 3181 ut
458 3119 607 3197 taceant;
626 3134 702 3182 mox
717 3135 815 3183 vero:
843 3142 856 3177 a
870 3114 1002 3182 hunous
1020 3115 1099 3181 mihi
1115 3115 1213 3182 horno

129 3229 190 3307 est,
206 3226 308 3314 inquit
322 3232 429 3315 poeta,
443 3233 476 3294 et
486 3227 616 3316 sapiens
629 3247 703 3296 csse
715 3227 892 3297 videturt»
910 3231 944 3294 ln
960 3226 1126 3315 Eupolidis
1142 3230 1215 3294 Μα-

129 3341 210 3415 rlco,
227 3359 311 3406 unus
328 3359 367 3406 ex
387 3339 457 3407 istis
478 3338 612 3407 divitum
635 3340 921 3408 calumniatoribus
939 3340 1062 3407 Niciam
1084 3339 1211 3416 circuit,

168 3674 384 3733 'hrcbaPlut
401 3675 443 3730 cil.
469 3675 495 3730 in
522 3675 617 3740 Ateio,
634 3693 656 3731 c.
675 3677 700 3732 l.
726 3687 754 3709 =
782 3675 879 3731 ’ldem
904 3675 928 3730 in
948 3674 1052 3745 Fragor.
1083 3675 1171 3728 comio.
1199 3694 1214 3729 a

132 3758 213 3817 Bnthe¹
224 3762 322 3820 collect.
339 3763 365 3817 in
380 3762 444 3819 Bibl.
462 3763 538 3819 hidot
552 3764 560 3836 (
574 3763 600 3829 3,
617 3779 673 3834 pag,
689 3763 762 3830 271).
775 3782 803 3804 =
826 3763 836 3791 ⁸
857 3762 958 3834 Eupolis
973 3762 1066 3817 aPlnt.
1083 3762 1175 3817 citatus
1188 3763 1213 3817 in

133 3850 244 3917 Cimone,
260 3869 283 3907 c.
301 3852 343 3907 15.
359 3870 387 3912 -,-
411 3853 420 3881 ⁴
441 3852 608 3907 'leleclidesa
628 3852 694 3908 Phil.
711 3851 753 3906 cit.
770 3852 794 3906 in
809 3851 894 3913 Nicia,
915 3869 937 3907 c.
952 3852 977 3906 l.
