2684 4508
535 269 571 280 -
594 256 677 293 [0..-

64 439 253 527 [usquisque
274 437 425 527 judieiale
452 438 502 506 vel
526 438 619 506 eivile
646 458 764 506 munus
779 438 996 526 implevissetl
1021 437 1056 505 ld
1082 436 1144 524 ipsi

63 552 239 643 optimates
254 570 435 640 agnovere,
453 571 552 640 quum
567 571 730 640 nunquam
752 551 825 640 plus
844 551 984 641 quinque
1005 549 1145 618 millibus

61 667 183 735 eivium
200 665 347 734 concioni
360 664 502 733 adfuisse
515 664 694 733 dixerunt¹.
711 664 802 734 nude
821 664 906 753 quod
922 683 1016 732 suum
1029 663 1145 751 cuique

62 780 198 868 negotio
211 784 341 868 tempus
358 779 530 868 praelrxum
544 785 615 857 est,
637 799 698 847 nee
717 777 917 867 longioribus
932 776 1085 866 epilogis,
1110 782 1146 844 ut

62 896 198 970 Romae,
223 891 271 960 uti
297 891 390 969 lieet,
415 890 585 980 clepsydra
614 912 731 980 nempe
761 890 875 959 orandi
901 890 1043 979 spatium
1070 909 1147 959 me-

62 1006 167 1074 tiente
176 1006 200 1072 ².

109 1143 158 1213 nd
172 1163 212 1211 ea
224 1142 434 1232 respondebit
448 1142 673 1230 Aristophanis
686 1143 865 1212 admirator
882 1167 889 1211 :
906 1142 1023 1213 Multos
1042 1142 1148 1210 fateor

64 1257 170 1325 tribus
193 1261 319 1325 tantum
334 1256 438 1326 obolis
456 1254 497 1323 ad
521 1256 664 1344 privatas
686 1276 739 1324 res
763 1255 954 1346 linquendus
981 1255 1148 1342 alienaque

67 1369 199 1459 negotia
214 1369 357 1438 curanda
371 1368 487 1439 adduei
505 1393 513 1453 ;
535 1389 632 1458 quam
649 1369 739 1437 multi
755 1375 864 1438 autem
877 1360 916 1438 ex
931 1368 993 1437 hae
1003 1367 1149 1457 judicia-

66 1483 116 1551 ria
130 1482 182 1551 vel
195 1482 374 1551 eoneionali
389 1482 539 1552 mercede
553 1485 699 1552 viventes
722 1503 851 1552 omnem
870 1483 1014 1552 laborem
1038 1501 1149 1570 praes-

64 1599 139 1666 litae
165 1597 197 1664 in
224 1601 331 1686 Pnyee
344 1595 395 1666 vel
414 1597 629 1667 tribunalibus
655 1618 766 1687 operae
790 1597 1007 1687 postlrabentl
1038 1599 1150 1664 Oeen—

64 1716 180 1800 patum
197 1710 283 1778 enim
296 1709 436 1778 decretis
449 1710 605 1778 iaciendis
617 1715 651 1778 et
663 1710 781 1778 civium
797 1709 925 1777 l‘ortuna
939 1706 1151 1797 diseeptanda

65 1823 170 1891 otium
192 1821 301 1910 regale
326 1821 522 1890 existimant.
547 1825 630 1889 Num
653 1841 730 1890 vero
745 1822 808 1891 hae
826 1822 977 1912 superbia
993 1821 1068 1888 elati
1083 1820 1152 1888 ho-

68 1934 175 2001 mines
189 1939 222 2000 et
235 1933 291 2000 tali
305 1933 399 2000 simul
416 1931 556 2020 pigritiae
577 1931 784 2021 indulgentes
804 1933 846 2000 de
866 1934 1070 2022 robusteque
1093 1952 1153 2000 sa-

70 2048 263 2138 pienterque
280 2047 427 2136 judioant
439 2053 455 2114 i
468 2050 581 2116 Nonne
593 2047 615 2114 ii
629 2053 705 2114 sunt
717 2047 771 2136 qui
785 2047 952 2137 popularis
963 2046 1152 2136 reipublicae

69 2162 148 2229 vitia
166 2167 309 2249 augeant
322 2167 355 2228 et
369 2166 594 2249 exasperent?
615 2164 682 2229 Nee
695 2161 814 2229 desunt
827 2161 882 2250 qui
899 2179 995 2227 mane
1019 2179 1152 2247 surgen-

70 2285 123 2344 tes
136 2274 273 2343 exeundi
287 2274 384 2343 domo
409 2276 634 2344 necessitatem
648 2274 860 2354 detestentur,
881 2295 956 2342 mox
980 2294 1057 2342 vero
1078 2294 1151 2342 eum

70 2388 207 2477 collegis
226 2389 376 2457 sedentes
397 2389 565 2478 superbire
589 2395 622 2458 et
635 2389 750 2456 oristas
764 2387 912 2456 attollere
926 2387 1093 2475 incipiant,
1120 2390 1153 2452 et

70 2503 257 2573 mereedem
283 2505 374 2592 regio
388 2504 442 2573 illo
453 2506 618 2594 judicandi
649 2526 783 2574 munere
803 2505 973 2595 quaesitam
1002 2503 1157 2572 omnibus

71 2617 173 2687 rebus
182 2618 355 2686 anteferre.
370 2621 439 2685 Non
453 2619 578 2687 eomioo
591 2620 700 2689 lioebit
712 2619 892 2688 istiusmodi
906 2617 992 2687 viros
1004 2615 1150 2693 irridere,

71 2736 108 2798 et
126 2736 284 2818 euentum
297 2751 316 2797 a
329 2730 473 2818 judiciali
500 2731 658 2820 sapientia
682 2731 804 2800 distent
827 2731 952 2799 eunetis
971 2728 1160 2796 exhiberet

71 2843 202 2912 Utinam
216 2849 325 2910 tamen
340 2842 392 2910 illa
407 2863 533 2911 meroes
543 2842 625 2911 adeo
640 2849 728 2912 eerta
741 2848 774 2913 et
783 2840 992 2912 immutabilis
1004 2847 1102 2919 esset,
1119 2846 1155 2908 ut

73 2954 190 3023 eadem
208 2975 338 3043 semper
343 2954 507 3044 judicibus
521 2961 631 3024 essent
643 2957 861 3046 exspectanda
874 2962 881 3023 l
897 2955 960 3023 Sed
972 2973 1073 3042 penes
1087 2953 1160 3040 ple·-

75 3065 200 3135 bieolas
213 3086 251 3133 ea
265 3065 413 3154 sunt,qbi
428 3067 538 3155 populi
548 3067 774 3135 liberalitatem
788 3066 884 3135 modo
898 3068 1046 3144 dilatare,
1057 3062 1154 3131 modo

76 3177 277 3246 orationibus
289 3190 453 3246 coarctare
465 3177 612 3246 eallent³.
630 3179 662 3247 Si
673 3177 1048 3247 inimicissimumcleoni
1063 3196 1153 3244 reum

72 3290 201 3380 judiees
214 3290 452 3370 damnaverint,
470 3299 540 3359 tum
553 3291 675 3381 populo
689 3290 764 3361 Cleo
778 3290 1008 3381 persuadebit,
1025 3290 1086 3358 etsi
1100 3291 1155 3358 lla-

74 3411 151 3494 gret
165 3427 238 3474 eum
253 3406 495 3495 Peloponnesiis
507 3405 642 3485 bellum,
659 3405 699 3474 ad
714 3405 896 3496 augendam
905 3404 1050 3495 iudicum
1063 3424 1157 3473 mer-

82 3647 313 3662 m

115 3830 265 3903 ¹Tlrueyd.‚
283 3830 310 3887 L.
328 3830 400 3890 llll,
426 3847 446 3883 e.
466 3830 507 3883 72¹.
536 3846 563 3866 =
590 3828 815 3893 ²Quintil.‚lnst.
833 3828 966 3893 orul.,l2.
984 3827 1081 3892 X,e.l
1125 3852 1157 3873 =

77 3920 90 3959 ⁵
111 3918 250 3988 Aristoteli,
271 3917 371 3989 Eqult„
391 3935 412 3972 r.
428 3917 488 3970 illl.
