2684 4508
436 182 444 214 ⁶
607 202 748 256 -ro-

128 403 199 469 vius
221 401 336 470 asserit
357 405 445 468 certo
470 397 653 466 testimonio
677 418 741 465 non
762 398 866 476 inniti,
893 397 957 465 imo
979 398 1020 467 ah
1045 398 1212 466 Eustratio

129 516 230 584 refelli
242 514 296 605 qui
309 513 492 600 AEsohplum
505 514 701 601 Sopittoriis,
715 515 945 591 Sacerdotibus,
961 514 1103 603 sappho,
1122 514 1212 599 Iphi·

127 633 230 718 peoio,
249 630 417 715 OEdipode,
433 626 585 716 mysteria
600 626 747 715 attigisse
761 627 912 716 perhibet
926 638 947 694 ¹.

172 767 383 836 Doctissimns
396 787 473 835 vero
483 766 658 835 Bocchhius
673 786 771 855 quum
785 766 827 835 ab
842 765 912 833 aliis
924 771 973 834 tot
984 771 1107 834 temere
1125 787 1214 835 con-

124 885 210 972 jecta
221 900 288 948 non
300 880 464 970 probaret,
474 880 582 969 magni
592 881 673 949 vatis
682 880 873 968 profectioni
883 879 986 948 nullas
999 900 1114 948 causas
1124 900 1214 969 quae

128 993 246 1064 rendas
259 993 394 1072 censuit,
415 998 535 1083 practer
548 995 651 1083 ipsam
666 993 815 1062 Hieronis
826 992 1070 1083 benignitatem
1084 1015 1147 1083 qua
1162 1001 1215 1063 tot
1276 1029 1278 1032 >

129 1108 273 1197 insignes
297 1109 367 1188 viri,
387 1108 570 1179 Simonides
593 1127 723 1196 nempe,
749 1114 782 1176 et
805 1108 973 1186 Pindarus,
1000 1115 1032 1176 et
1057 1108 1215 1198 Bacchy-

129 1221 210 1291 lides
236 1223 322 1312 capti
346 1222 501 1290 sucrint2.
528 1221 610 1290 Huic
630 1228 738 1291 autem
760 1221 903 1309 opinioni
919 1228 1102 1310 temporum
1127 1224 1213 1292 ratio

129 1341 300 1425 repugnat.
329 1338 434 1417 Quum
464 1335 549 1404 enim
574 1334 651 1403 Gelo
684 1339 718 1402 et
744 1334 799 1402 filii
826 1336 895 1424 ejus
920 1336 1004 1404 ultra
1030 1336 1143 1404 decem
1171 1357 1213 1406 ac

43 1472 46 1477 ’
129 1467 245 1516 norem
259 1468 372 1526 annos,
390 1453 473 1516 teste
486 1447 658 1516 Aristotele
665 1453 686 1525 ³,
705 1467 769 1516 non
784 1448 1003 1536 regnaverint,
1018 1449 1086 1537 ipse
1100 1455 1213 1517 autem

128 1560 205 1628 Gelo
220 1565 295 1628 ante
312 1561 558 1629 Salaminiacam
577 1581 721 1650 pugnam
740 1565 915 1650 Syracusas
930 1581 1045 1650 regere
1058 1563 1207 1650 caeperit,

129 1673 302 1742 Hieronem
323 1675 356 1741 in
372 1674 525 1745 vicesimo
550 1675 653 1763 primo
668 1681 743 1763 post
757 1675 842 1743 hano
855 1695 1000 1764 pugnam
1014 1695 1098 1743 anno
1120 1674 1211 1744 adire

129 1807 193 1855 non
211 1788 316 1876 potuit
335 1787 516 1876 AEsohylus
552 1789 687 1857 Athenis
718 1810 797 1878 ergo
828 1809 990 1878 egressus,
1033 1792 1211 1877 Syracusas

128 1901 274 1989 populari
302 1901 451 1971 libertate
479 1902 623 1972 fruentes
654 1903 795 1985 invenit3
826 1908 859 1970 ct
883 1909 919 1969 ut
941 1903 1079 1992 patriam
1108 1903 1210 1971 altera

128 2019 226 2082 aetate
246 2016 314 2103 jam
332 2020 505 2101 provectus
529 2015 662 2104 regione
683 2020 832 2093 mutaret,
853 2015 1014 2104 graviore,
1031 2020 1067 2084 ut
1081 2016 1207 2104 opinon

128 2146 225 2195 causa
251 2125 407 2214 impulsus
431 2125 511 2209 iuit3
543 2147 603 2196 nec
625 2127 743 2194 invitus
769 2126 899 2195 credam
921 2147 1033 2196 senem
1052 2128 1212 2218 Eupatri-

128 2237 241 2307 darum
269 2237 475 2307 defensorem
507 2239 699 2328 dignitatem
723 2235 845 2308 ordinis
875 2241 924 2308 sui
950 2240 1150 2310 deminutam
1171 2261 1212 2309 ac

128 2358 237 2440 spreta
250 2369 308 2421 sua
322 2352 454 2421 consilia
467 2353 639 2440 aegerrime
648 2353 760 2422 tulisse
771 2354 793 2420 ⁴.

171 2490 306 2560 ht'enim
316 2491 342 2560 si
352 2491 521 2579 AEschylus
530 2491 660 2559 Hieroni
672 2510 736 2559 non
745 2491 865 2578 hospes
877 2491 947 2569 tuit,
956 2494 1080 2558 AErnau
1089 2496 1213 2581 tragoe-

128 2605 214 2674 diam
231 2626 296 2674 non
306 2605 378 2674 ideo
392 2605 522 2694 scripsit
530 2611 566 2673 ut
576 2624 687 2694 regem
703 2605 898 2687 celebraret;
912 2605 997 2694 qnod
1007 2608 1116 2673 tamen
1127 2605 1213 2673 affir-

128 2724 195 2788 mat
207 2729 218 2766 ⁵
231 2720 362 2808 ignotus
373 2720 448 2787 vitae
462 2718 643 2808 AEschyleae
653 2718 807 2807 scriptor.¹
816 2722 885 2806 Ego
894 2739 972 2786 vero
983 2719 1061 2786 nihil
1074 2739 1147 2787 esse
1161 2740 1214 2787 ar-

127 2834 229 2904 bitror
239 2832 324 2922 quod
340 2853 400 2901 nos
410 2837 497 2902 vetet
507 2839 638 2901 narrata
648 2853 667 2900 a
677 2832 850 2901 Plutarcho
861 2852 935 2901 cum
945 2832 984 2900 iis
994 2853 1067 2921 qnae
1077 2832 1130 2902 alii
1140 2852 1214 2921 per-

126 2948 241 3018 hibent
250 2947 650 3036 conjungeressisncmpe
661 2947 809 3036 suspicor
819 2951 949 3034 poetam
960 2947 992 3014 in
1002 2946 1143 3015 Siciliam
1153 2947 1214 3015 mi·

128 3063 287 3152 gravisse3
302 3060 471 3150 Sophoclis
481 3061 585 3149 primo
592 3061 642 3129 vel
656 3060 829 3128 Simonidis
839 3059 973 3127 victoria
984 3060 1212 3129 contristatum

130 3183 229 3267 (anno
250 3184 415 3249 antei-C.
434 3181 524 3264 469),
550 3179 719 3268 splendido
741 3180 890 3249 Hieronis
910 3178 1049 3268 hospitio
1064 3179 1213 3248 dolorem

163 3627 172 3654 ¹
191 3625 333 3680 Eustratins
356 3626 385 3678 ad
414 3625 502 3685 Arist..
520 3626 576 3679 Eth.
594 3626 623 3679 ad
646 3625 754 3688 Ninum,
772 3626 814 3679 ill.
831 3657 865 3664 -
884 3626 983 3696 Fragrn.
1001 3624 1086 3678 AEsc-h.
1103 3623 1127 3677 in
1143 3621 1209 3677 Bihl.

128 3712 208 3776 oinos,
228 3730 250 3781 p.
266 3712 368 3767 ΜΞ
395 3713 515 3775 'Baekh
534 3711 614 3766 Grion.
634 3711 710 3781 Trop.
730 3711 869 3780 Prirrc,p.
886 3710 929 3765 51.
955 3728 982 3747 =
1013 3710 1023 3737 ⁸
1052 3709 1156 3774 Aristo,
1174 3709 1213 3764 Do

128 3798 246 3870 reputt,
263 3801 288 3855 L.
308 3801 366 3863 tlh,
381 3817 403 3855 n.
419 3800 445 3863 n,
465 3800 488 3852 in
504 3800 561 3853 tino.
577 3815 604 3835 =
637 3800 646 3826 ⁴
664 3799 756 3867 [turon.
773 3798 797 3852 in
813 3798 880 3853 Hist.
899 3798 991 3864 Grac,
1008 3816 1030 3852 c.
1049 3798 1091 3863 12,
1109 3815 1132 3867 p.
1146 3797 1209 3852 ⁹255.

128 3908 161 3931 =
184 3885 320 3955 ¹·AEsrhp.
338 3886 398 3940 rito.
880 3927 883 3932 ,
