2684 4508
587 269 748 325 -lbi—

127 471 399 533 consurrexerant
414 469 526 532 contra
544 465 632 532 illum
652 465 747 552 Anyti
762 464 892 553 quidam
908 485 946 532 ac
960 465 1078 543 llleleti,
1106 487 1209 532 accu-

127 585 237 648 santes
258 577 373 646 cadam
387 598 461 666 quae
480 579 513 644 in
530 576 619 645 illum
633 577 796 666 quondam
808 580 929 665 jactata
952 578 1091 656 fuerant,
1123 579 1208 666 quod

128 713 233 783 neque
250 691 435 760 sacrificans
459 711 600 780 unquam
620 691 707 759 visus
729 698 809 769 erat,
836 711 939 779 neque
955 692 1100 760 initiatus
1122 698 1206 770 erat,

127 799 216 867 solus
227 797 384 875 omnium,
407 798 578 866 Eleusiniis
600 798 701 865 sacris
715 800 737 863 ¹.
759 824 772 858 »
789 797 846 864 Hic
860 802 968 866 autem
984 803 1092 866 utrum
1109 798 1210 865 Luci-

128 933 210 981 anns
232 911 426 1000 significavit
441 915 672 980 Demonactem
692 912 867 1000 impietatis
888 911 930 978 ob
945 912 1077 979 easdem
1096 931 1210 979 causas

127 1048 168 1094 ac
181 1030 348 1094 Socratem
368 1024 589 1093 insimulatum
608 1020 783 1103 fuisse,⁸an
806 1025 848 1092 ob
863 1023 1045 1112 peculiares
1065 1045 1104 1093 ac
1128 1045 1211 1112 pro-
1275 1039 1277 1042 ·

128 1140 218 1228 prias
232 1137 293 1206 sibi
308 1158 423 1206 causas
436 1136 542 1204 eidem
563 1138 737 1225 impietatis
752 1135 878 1205 crimini
902 1137 1078 1205 obnoxium
1097 1137 1208 1213 luisse,

128 1272 193 1341 quo
206 1254 373 1319 Socratem
391 1256 515 1338 Anytus
527 1255 742 1317 oneraverat?
761 1253 831 1316 Non
855 1249 949 1316 facile
969 1249 1056 1316 enim
1080 1248 1211 1317 credam

129 1370 310 1442 Socratem,
333 1369 368 1430 nt
382 1367 494 1451 postea
515 1368 746 1432 Demonactem
764 1362 1003 1451 philosophum,
1023 1366 1102 1430 Deae
1121 1381 1212 1429 nun-

128 1500 228 1569 quam
247 1480 340 1547 sacra
358 1478 490 1559 fecissc;
514 1478 599 1565 quod
613 1479 796 1566 Xenophon
810 1498 848 1545 ac
862 1477 952 1544 Plato
968 1475 1113 1544 unanimi
1133 1475 1212 1541 ind-

128 1593 263 1661 tiantur.
279 1592 446 1661 Libentius
460 1611 537 1663 vero
548 1592 728 1660 existimem
744 1591 937 1663 noncadem
963 1590 1094 1679 pietatis
1108 1591 1213 1658 officia

129 1709 298 1772 Socratem
317 1724 356 1771 ac
376 1707 607 1772 Demonactem
627 1704 793 1781 omisisse,
821 1704 878 1771 sed
894 1703 965 1791 pari
991 1703 1212 1770 accusantium

130 1816 333 1905 malignitate
366 1815 466 1883 luisse
488 1823 632 1883 vexatos
661 1819 703 1883 nt
721 1836 924 1905 quocumque
954 1814 1051 1882 modo
1081 1814 1213 1883 Luciani

129 1928 325 1998 sententiam
354 1929 562 2017 interpretari
577 1929 727 2015 libuerit,
750 1929 835 1998 viros
859 1929 1022 1998 constabit
1043 1949 1061 1995 a
1081 1932 1214 1996 Socrate

129 2043 266 2112 edoctos
288 2065 306 2111 a
335 2043 459 2130 vulgari
477 2044 728 2132 turpissimoque
749 2044 902 2112 falsorum
928 2044 1097 2112 numinum
1127 2042 1214 2111 cultu

129 2156 287 2246 paulatim
307 2158 517 2225 abscessuros
538 2157 648 2236 luisse,
669 2158 788 2225 nullam
802 2179 880 2226 vero
902 2158 1044 2246 publicae
1065 2155 1213 2245 religioni

130 2271 196 2337 vim
214 2271 444 2352 intentaturos3
462 2269 540 2337 nibil
554 2291 670 2359 nempe
681 2271 787 2340 minus
800 2275 968 2340 Socratem
981 2270 1106 2340 redolet
1117 2290 1213 2359 quam

131 2383 289 2452 mutilatae
302 2384 343 2453 ab
356 2383 521 2451 Alcibiade
534 2384 683 2454 Mercurii
699 2384 836 2472 effigies,

351 2674 386 2763 ,3
411 2668 448 2743 d.
475 2712 524 2722 -
549 2671 600 2742 lic
625 2671 780 2743 Socratis
799 2670 991 2767 discipulis.

177 2932 281 3010 Quam
295 2928 328 2995 in
340 2928 425 2996 viam
442 2929 564 2997 amicos
579 2928 747 2996 induceret
761 2933 923 3009 Socrates,
945 2951 1042 3019 quam
1057 2931 1118 3000 illis
1130 2933 1216 3000 civi-

133 3043 211 3111 tatis
227 3041 383 3131 regendae
405 3043 572 3122 rationem,
590 3063 687 3132 quem
706 3047 847 3112 Deorum
862 3045 985 3113 cultum
1006 3045 1211 3124 ostenderet,
1261 3027 1262 3031 ¹

134 3175 194 3243 pro
209 3153 362 3222 facultate
379 3160 489 3221 nostra
509 3153 753 3242 descripsimus.
777 3155 809 3222 Si
823 3156 988 3243 propriam
1003 3154 1065 3223 illis
1079 3158 1217 3226 modes-

133 3270 214 3338 tiam
240 3268 519 3357 constantiamque
541 3267 683 3335 inserere
705 3269 881 3356 potuisset,
909 3269 994 3338 nulla
1019 3270 1102 3359 lege,
1128 3272 1215 3341 nullo

134 3383 302 3452 bominum
316 3384 389 3471 iure
407 3381 536 3459 violato,
556 3380 727 3469 prudentia
743 3387 775 3450 et
793 3384 912 3452 virtute
926 3383 1071 3472 insignes
1089 3385 1149 3454 viri
1173 3386 1213 3453 ad

132 3501 232 3564 rectae
250 3495 383 3564 rationis
405 3516 551 3562 normam
570 3495 677 3562 omnia
693 3494 851 3563 moderati
875 3505 994 3566 essent.
1013 3500 1214 3586 Optimorum

170 3937 178 3970 ¹
196 3933 255 3989 Luc.
272 3937 376 3990 Damon.
394 3933 574 3999 cucullio
591 3937 630 3991 ed.
650 3936 755 3994 llindorl
769 3944 793 3995 et
810 3938 874 3998 bibl.
893 3935 937 3997 llid

744 4040 757 4070 O
