2684 4508
636 135 794 190 -tot-

171 337 203 399 et
224 332 362 398 cicutam
391 330 608 407 recordamur,
638 330 700 398 hoc
728 331 798 416 ipsu
825 329 999 417 impictatis
1030 331 1166 398 crimine
1190 351 1257 419 op-

171 462 286 530 pressi.

212 580 293 663 Quid
319 581 361 648 de
387 581 565 649 saevissimo
597 587 645 649 tot
668 583 817 670 jocorum
849 583 936 651 exitu
967 588 1063 670 poeta
1090 583 1257 659 censuerit

169 696 367 784 ignoramus.
393 693 590 781 iampridem
614 693 807 762 tirmissimis
826 694 1027 782 argumentis
1046 693 1189 763 refutata
1208 699 1257 762 est

168 806 394 895 Aristophanis
417 805 481 884 illa,
508 825 605 894 quam
624 805 827 894 grammatici
856 805 1026 884 finxerant,
1054 826 1130 874 cum
1152 809 1257 895 Anyto

57 982 59 987 .
168 903 347 1008 lleletoqne
360 919 515 987 societas¹
534 943 542 988 ε
568 919 664 987 tertio
679 918 765 986 enim
781 925 814 986 et
827 918 979 986 vicesimo
995 924 1071 986 ante
1088 921 1256 987 Socratem

166 1036 372 1102 interfectum
403 1052 499 1111 anno,
526 1035 632 1100 Nubes
653 1032 793 1119 primum
817 1033 988 1100 commissa
1015 1039 1076 1102 est.
1103 1033 1257 1114 Quamvis

168 1153 276 1214 tamen
300 1149 319 1213 A
342 1146 462 1234 populo
482 1165 596 1233 parum
619 1144 762 1215 studiose
784 1151 919 1234 excepta
946 1146 1053 1225 luerit,
1080 1146 1255 1215 multorum

168 1260 294 1327 animos
313 1279 376 1328 non
396 1258 509 1327 dubito
532 1257 573 1326 ad
597 1258 804 1327 insectandos
827 1259 1039 1347 philosophos
1063 1259 1126 1328 hac
1149 1260 1255 1329 fabula

168 1378 370 1462 praeparatos
385 1391 470 1440 esse.
488 1375 612 1454 Quum,
628 1392 740 1439 eversa
757 1372 889 1460 triginta
906 1378 1119 1460 tyrannorum
1139 1381 1257 1462 potcs—

167 1488 245 1562 tate,
271 1484 312 1552 ad
328 1490 473 1553 veterum
495 1503 602 1552 mores
621 1488 653 1550 et
668 1482 813 1550 instituta
834 1483 940 1551 redire
962 1483 1062 1552 voluit
1082 1484 1209 1563 civitam,
1227 1490 1258 1552 et

133 1637 135 1641 v
167 1598 267 1666 seculi
305 1597 389 1665 illius
426 1617 488 1686 qno
526 1597 680 1672 floruerat
717 1596 873 1664 Aristides
908 1597 1049 1684 aliquam
1079 1597 1256 1687 imaginem

168 1713 301 1791 referre,
320 1715 497 1791 Socratem,
514 1719 550 1779 ut
567 1712 675 1799 prisco
691 1715 831 1780 Deorum
850 1710 950 1778 cultui
972 1711 1147 1791 intensum,
1164 1712 1257 1782 facile

166 1823 438 1891 denuntiaverunt
456 1823 587 1891 inimici.
605 1827 672 1891 Nec
684 1822 737 1889 uni
753 1821 884 1890 factioni
906 1827 1034 1890 tantum
1059 1823 1257 1906 seclusim-

168 1935 348 2024 putuverim
364 1959 371 2003 :
389 1935 537 2005 homines
549 1935 635 2003 enim
650 1933 795 2002 moribus
809 1940 842 2002 ct
854 1933 1007 2023 opinione
1019 1936 1158 2005 multum
1172 1937 1258 2006 inter

166 2069 201 2117 se
216 2047 362 2116 diversos
381 2051 542 2124 Socrates,
560 2054 595 2115 nt
609 2047 737 2135 opinor,
763 2046 955 2114 offenderat.
973 2047 1052 2115 Aliis
1066 2050 1137 2136 ejus
1151 2048 1255 2138 gloria

169 2165 322 2235 invidiam
342 2164 514 2254 inJecerat3
532 2163 747 2233 aliiurbanos
761 2162 855 2230 simul
877 2163 1147 2252 acutissimosque
1162 2166 1257 2254 jocos

166 2279 277 2347 ulcisci
294 2277 497 2366 gestiebant3
521 2274 652 2366 quidam
676 2275 841 2364 popularis
872 2275 1011 2344 inscitiae
1037 2281 1254 2367 contemptori

162 2391 353 2481 jamdudum
369 2388 441 2457 irati
458 2396 569 2471 erant;
589 2409 649 2457 nec
672 2389 767 2478 pauci
788 2388 918 2457 fuerunt
939 2388 992 2477 qni
1016 2389 1148 2478 antiqua
1173 2391 1255 2459 reli—

163 2503 271 2593 gionis
293 2500 503 2571 fundamenta
524 2502 565 2570 ah
587 2522 625 2571 eo
650 2522 819 2579 concussa,
845 2506 878 2568 et
900 2501 990 2590 impii
1005 2502 1147 2572 hominis
1168 2524 1255 2594 snp-

166 2616 261 2705 plicio
276 2616 343 2685 niis
358 2615 621 2684 satisfaciendum
639 2636 722 2693 esse,
740 2616 959 2704 Aristophane
975 2621 1127 2695 testante,
1144 2618 1256 2687 crede

166 2737 249 2799 rent.
271 2734 318 2800 lta
342 2729 510 2818 multiplici
535 2729 757 2819 coujmatione
779 2733 929 2796 Socrates
946 2749 1124 2818 oppressus
1145 2731 1253 2818 periit.

166 2845 255 2926 Quod
272 2842 402 2934 quidem
416 2863 480 2910 non
493 2842 721 2911 affirmaverIm
736 2842 777 2910 ab
792 2840 1008 2929 Aristophane
1026 2842 1110 2910 serio
1123 2850 1255 2932 erupta·

165 2965 234 3028 tum
256 2978 350 3041 esse3
378 2963 411 3025 at
432 2977 528 3046 quam
552 2955 771 3045 periculosum
793 2955 834 3022 sit
855 2955 982 3043 injustis
1003 2955 1196 3024 criminibus
1221 2958 1253 3024 in

79 3114 80 3117 =
165 3071 304 3163 aliquem
332 3069 541 3160 conjiciendis
563 3069 674 3161 ludere
704 3067 824 3135 nullum
849 3068 966 3151 clarius
991 3068 1176 3155 exemplum
1201 3069 1253 3138 de

166 3184 369 3255 monstrarit.

210 3329 373 3393 Caeterum
395 3343 458 3390 oon
480 3325 647 3389 Socratem
671 3328 805 3398 tantum,
825 3328 925 3390 cleos
940 3341 1021 3410 quos
1034 3322 1252 3410 philosopho-

166 3459 237 3506 rum
251 3435 510 3525 sophistarnmve
524 3436 653 3503 nomine
667 3435 903 3504 decoraverunt
917 3435 1037 3522 posteri
1059 3435 1110 3503 vel
1124 3441 1252 3504 notave·

169 3654 411 3666 -.-..--

203 3807 211 3846 ¹
233 3803 374 3863 Secundum
387 3807 448 3874 Arg.
463 3803 529 3859 Nol.
