<?xml version="1.0" encoding="UTF-8"?>
<!DOCTYPE html PUBLIC "-//W3C//DTD XHTML 1.0 Transitional//EN"
    "http://www.w3.org/TR/xhtml1/DTD/xhtml1-transitional.dtd">
<html xmlns="http://www.w3.org/1999/xhtml" xml:lang="en" lang="en">
 <head>
  <title>
</title>
<meta http-equiv="Content-Type" content="text/html;charset=utf-8" />
  <meta name='ocr-system' content='tesseract 3.04.00' />
  <meta name='ocr-capabilities' content='ocr_page ocr_carea ocr_par ocr_line ocrx_word'/>
</head>
<body>
  <div class='ocr_page' id='page_1' title='image "./quaeinatticarep00trgoog_0133.png"; bbox 0 0 2684 4508; ppageno 0'>
   <div class='ocr_carea' id='block_1_1' title="bbox 586 164 739 215">
    <p class='ocr_par' dir='ltr' id='par_1_1' title="bbox 586 164 739 215">
     <span class='ocr_line' id='line_1_1' title="bbox 586 164 739 215; baseline -0.02 0"><span class='ocrx_word' id='word_1_1' title='bbox 586 164 739 215; x_wconf 70' lang='lat' dir='ltr'>-lz&#39;ll-</span> 
     </span>
    </p>
   </div>
   <div class='ocr_carea' id='block_1_2' title="bbox 122 356 1209 2052">
    <p class='ocr_par' dir='ltr' id='par_1_2' title="bbox 122 356 1198 787">
     <span class='ocr_line' id='line_1_2' title="bbox 124 356 1198 446; baseline -0.002 -21"><span class='ocrx_word' id='word_1_2' title='bbox 124 364 289 446; x_wconf 88' lang='lat' dir='ltr'>nuncupet</span> <span class='ocrx_word' id='word_1_3' title='bbox 302 362 325 424; x_wconf 69' lang='lat' dir='ltr'>t.</span> <span class='ocrx_word' id='word_1_4' title='bbox 341 357 553 446; x_wconf 74' lang='lat' dir='ltr'>Tyrannidem</span> <span class='ocrx_word' id='word_1_5' title='bbox 575 378 651 426; x_wconf 89' lang='lat' dir='ltr'>vero</span> <span class='ocrx_word' id='word_1_6' title='bbox 677 364 874 434; x_wconf 75' lang='lat' dir='ltr'>exsecratur,</span> <span class='ocrx_word' id='word_1_7' title='bbox 907 363 939 424; x_wconf 83' lang='lat' dir='ltr'>ct</span> <span class='ocrx_word' id='word_1_8' title='bbox 967 356 1198 445; x_wconf 90' lang='lat' dir='ltr'>sapientissimo</span> 
     </span>
     <span class='ocr_line' id='line_1_3' title="bbox 123 468 1198 561; baseline -0.003 -21"><span class='ocrx_word' id='word_1_9' title='bbox 123 473 238 561; x_wconf 86' lang='lat' dir='ltr'>cuique</span> <span class='ocrx_word' id='word_1_10' title='bbox 260 472 422 538; x_wconf 87' lang='lat' dir='ltr'>inimicam</span> <span class='ocrx_word' id='word_1_11' title='bbox 434 468 532 552; x_wconf 82' lang='lat' dir='ltr'>dicit3</span> <span class='ocrx_word' id='word_1_12' title='bbox 550 477 798 559; x_wconf 76' lang='lat' dir='ltr'><strong>tyrannumque,</strong></span> <span class='ocrx_word' id='word_1_13' title='bbox 815 471 901 538; x_wconf 89' lang='lat' dir='ltr'>cives</span> <span class='ocrx_word' id='word_1_14' title='bbox 930 469 1096 549; x_wconf 83' lang='lat' dir='ltr'>vexando,</span> <span class='ocrx_word' id='word_1_15' title='bbox 1114 470 1198 539; x_wconf 87' lang='lat' dir='ltr'>utili-</span> 
     </span>
     <span class='ocr_line' id='line_1_4' title="bbox 122 582 1197 672; baseline -0.007 -17"><span class='ocrx_word' id='word_1_16' title='bbox 122 589 184 656; x_wconf 88' lang='lat' dir='ltr'>bus</span> <span class='ocrx_word' id='word_1_17' title='bbox 202 585 299 653; x_wconf 89' lang='lat' dir='ltr'>sociis</span> <span class='ocrx_word' id='word_1_18' title='bbox 321 584 533 672; x_wconf 88' lang='lat' dir='ltr'>semetipsum</span> <span class='ocrx_word' id='word_1_19' title='bbox 546 584 663 652; x_wconf 85' lang='lat' dir='ltr'>orbare</span> <span class='ocrx_word' id='word_1_20' title='bbox 677 591 711 652; x_wconf 90' lang='lat' dir='ltr'>ct</span> <span class='ocrx_word' id='word_1_21' title='bbox 723 583 889 652; x_wconf 80' lang='lat' dir='ltr'>lethiferos</span> <span class='ocrx_word' id='word_1_22' title='bbox 903 582 964 653; x_wconf 88' lang='lat' dir='ltr'>sibi</span> <span class='ocrx_word' id='word_1_23' title='bbox 978 583 1063 650; x_wconf 90' lang='lat' dir='ltr'>ictus</span> <span class='ocrx_word' id='word_1_24' title='bbox 1081 582 1197 671; x_wconf 92' lang='lat' dir='ltr'>impin-</span> 
     </span>
     <span class='ocr_line' id='line_1_5' title="bbox 123 712 245 787; baseline -0.033 -19"><span class='ocrx_word' id='word_1_25' title='bbox 123 720 201 787; x_wconf 80' lang='lat' dir='ltr'>gere</span> <span class='ocrx_word' id='word_1_26' title='bbox 221 712 245 764; x_wconf 82' lang='lat'>².</span> 
     </span>
    </p>

    <p class='ocr_par' dir='ltr' id='par_1_3' title="bbox 124 832 1209 2052">
     <span class='ocr_line' id='line_1_6' title="bbox 171 832 1197 923; baseline -0.006 -19"><span class='ocrx_word' id='word_1_27' title='bbox 171 842 252 918; x_wconf 77' lang='lat' dir='ltr'>Quae</span> <span class='ocrx_word' id='word_1_28' title='bbox 263 833 432 903; x_wconf 90' lang='lat' dir='ltr'>commoda</span> <span class='ocrx_word' id='word_1_29' title='bbox 442 835 580 903; x_wconf 90' lang='lat' dir='ltr'>subditis</span> <span class='ocrx_word' id='word_1_30' title='bbox 592 841 750 922; x_wconf 77' lang='lat' dir='ltr'>praestare</span> <span class='ocrx_word' id='word_1_31' title='bbox 763 834 909 923; x_wconf 89' lang='lat' dir='ltr'>potestis</span> <span class='ocrx_word' id='word_1_32' title='bbox 919 833 974 922; x_wconf 90' lang='lat' dir='ltr'>qui</span> <span class='ocrx_word' id='word_1_33' title='bbox 987 853 1053 900; x_wconf 93' lang='lat' dir='ltr'>non</span> <span class='ocrx_word' id='word_1_34' title='bbox 1066 832 1197 900; x_wconf 91' lang='lat' dir='ltr'>omnium</span> 
     </span>
     <span class='ocr_line' id='line_1_7' title="bbox 126 944 1198 1037; baseline -0.007 -20"><span class='ocrx_word' id='word_1_35' title='bbox 126 950 293 1037; x_wconf 81' lang='lat' dir='ltr'>suffragio,</span> <span class='ocrx_word' id='word_1_36' title='bbox 322 949 379 1016; x_wconf 86' lang='lat' dir='ltr'>sed</span> <span class='ocrx_word' id='word_1_37' title='bbox 408 968 579 1025; x_wconf 89' lang='lat' dir='ltr'>consensu,</span> <span class='ocrx_word' id='word_1_38' title='bbox 609 953 643 1015; x_wconf 89' lang='lat' dir='ltr'>et</span> <span class='ocrx_word' id='word_1_39' title='bbox 668 947 808 1036; x_wconf 81' lang='lat' dir='ltr'>antiquis</span> <span class='ocrx_word' id='word_1_40' title='bbox 833 945 989 1014; x_wconf 87' lang='lat' dir='ltr'>institutis</span> <span class='ocrx_word' id='word_1_41' title='bbox 1016 945 1059 1014; x_wconf 91' lang='lat' dir='ltr'>ad</span> <span class='ocrx_word' id='word_1_42' title='bbox 1095 944 1198 1013; x_wconf 91' lang='lat' dir='ltr'>solium</span> 
     </span>
     <span class='ocr_line' id='line_1_8' title="bbox 124 1056 1196 1146; baseline -0.006 -18"><span class='ocrx_word' id='word_1_43' title='bbox 124 1066 255 1128; x_wconf 89' lang='lat' dir='ltr'>evectus</span> <span class='ocrx_word' id='word_1_44' title='bbox 276 1067 337 1138; x_wconf 91' lang='lat' dir='ltr'>est,</span> <span class='ocrx_word' id='word_1_45' title='bbox 353 1060 489 1128; x_wconf 91' lang='lat' dir='ltr'>multum</span> <span class='ocrx_word' id='word_1_46' title='bbox 503 1060 612 1128; x_wconf 92' lang='lat' dir='ltr'>mirari</span> <span class='ocrx_word' id='word_1_47' title='bbox 624 1059 751 1127; x_wconf 84' lang='lat' dir='ltr'>videtur</span> <span class='ocrx_word' id='word_1_48' title='bbox 763 1062 925 1127; x_wconf 76' lang='lat' dir='ltr'>Socrates.</span> <span class='ocrx_word' id='word_1_49' title='bbox 941 1061 1063 1125; x_wconf 81' lang='lat' dir='ltr'>Locum</span> <span class='ocrx_word' id='word_1_50' title='bbox 1078 1056 1196 1146; x_wconf 87' lang='lat' dir='ltr'>quidem</span> 
     </span>
     <span class='ocr_line' id='line_1_9' title="bbox 125 1171 1196 1262; baseline -0.003 -23"><span class='ocrx_word' id='word_1_51' title='bbox 125 1173 225 1249; x_wconf 93' lang='lat' dir='ltr'>illum,</span> <span class='ocrx_word' id='word_1_52' title='bbox 241 1172 297 1240; x_wconf 93' lang='lat' dir='ltr'>ubi</span> <span class='ocrx_word' id='word_1_53' title='bbox 307 1176 480 1241; x_wconf 85' lang='lat' dir='ltr'>Persarum</span> <span class='ocrx_word' id='word_1_54' title='bbox 494 1172 581 1260; x_wconf 83' lang='lat' dir='ltr'>regis</span> <span class='ocrx_word' id='word_1_55' title='bbox 605 1173 771 1262; x_wconf 81' lang='lat' dir='ltr'>vigilantia</span> <span class='ocrx_word' id='word_1_56' title='bbox 793 1171 952 1248; x_wconf 90' lang='lat' dir='ltr'>laudatur,</span> <span class='ocrx_word' id='word_1_57' title='bbox 978 1191 1043 1238; x_wconf 93' lang='lat' dir='ltr'>non</span> <span class='ocrx_word' id='word_1_58' title='bbox 1069 1192 1109 1239; x_wconf 85' lang='lat' dir='ltr'>cx</span> <span class='ocrx_word' id='word_1_59' title='bbox 1132 1190 1196 1238; x_wconf 85' lang='lat' dir='ltr'>vera</span> 
     </span>
     <span class='ocr_line' id='line_1_10' title="bbox 126 1284 1198 1374; baseline -0.005 -20"><span class='ocrx_word' id='word_1_60' title='bbox 126 1285 269 1354; x_wconf 85' lang='lat' dir='ltr'>Socratis</span> <span class='ocrx_word' id='word_1_61' title='bbox 287 1285 440 1374; x_wconf 93' lang='lat' dir='ltr'>opinione</span> <span class='ocrx_word' id='word_1_62' title='bbox 460 1286 660 1374; x_wconf 89' lang='lat' dir='ltr'>descriptum</span> <span class='ocrx_word' id='word_1_63' title='bbox 673 1292 706 1354; x_wconf 87' lang='lat' dir='ltr'>et</span> <span class='ocrx_word' id='word_1_64' title='bbox 720 1284 935 1372; x_wconf 90' lang='lat' dir='ltr'>compositum</span> <span class='ocrx_word' id='word_1_65' title='bbox 947 1284 1048 1352; x_wconf 86' lang='lat' dir='ltr'>tuisse</span> <span class='ocrx_word' id='word_1_66' title='bbox 1073 1284 1128 1353; x_wconf 91' lang='lat' dir='ltr'>diu</span> <span class='ocrx_word' id='word_1_67' title='bbox 1148 1303 1198 1350; x_wconf 91' lang='lat' dir='ltr'>ar-</span> 
     </span>
     <span class='ocr_line' id='line_1_11' title="bbox 125 1396 1196 1487; baseline -0.005 -19"><span class='ocrx_word' id='word_1_68' title='bbox 125 1398 263 1468; x_wconf 88' lang='lat' dir='ltr'>bitratus</span> <span class='ocrx_word' id='word_1_69' title='bbox 275 1417 358 1477; x_wconf 90' lang='lat' dir='ltr'>sum,</span> <span class='ocrx_word' id='word_1_70' title='bbox 372 1397 457 1466; x_wconf 85' lang='lat' dir='ltr'>seda</span> <span class='ocrx_word' id='word_1_71' title='bbox 472 1399 700 1487; x_wconf 80' lang='lat' dir='ltr'><strong>Xenophonte,</strong></span> <span class='ocrx_word' id='word_1_72' title='bbox 714 1417 754 1465; x_wconf 83' lang='lat' dir='ltr'>ox</span> <span class='ocrx_word' id='word_1_73' title='bbox 760 1396 898 1487; x_wconf 82' lang='lat' dir='ltr'>junioris</span> <span class='ocrx_word' id='word_1_74' title='bbox 907 1397 981 1486; x_wconf 85' lang='lat' dir='ltr'>Cyri</span> <span class='ocrx_word' id='word_1_75' title='bbox 990 1396 1064 1464; x_wconf 91' lang='lat' dir='ltr'>aula</span> <span class='ocrx_word' id='word_1_76' title='bbox 1075 1397 1196 1473; x_wconf 88' lang='lat' dir='ltr'>reduce,</span> 
     </span>
     <span class='ocr_line' id='line_1_12' title="bbox 126 1509 1197 1599; baseline -0.001 -20"><span class='ocrx_word' id='word_1_77' title='bbox 126 1511 286 1579; x_wconf 69' lang='lat' dir='ltr'>interfecti</span> <span class='ocrx_word' id='word_1_78' title='bbox 301 1512 427 1598; x_wconf 87' lang='lat' dir='ltr'>patroni</span> <span class='ocrx_word' id='word_1_79' title='bbox 440 1510 551 1593; x_wconf 90' lang='lat' dir='ltr'>laudes</span> <span class='ocrx_word' id='word_1_80' title='bbox 566 1512 609 1580; x_wconf 88' lang='lat' dir='ltr'>ita</span> <span class='ocrx_word' id='word_1_81' title='bbox 624 1530 697 1579; x_wconf 86' lang='lat' dir='ltr'>esse</span> <span class='ocrx_word' id='word_1_82' title='bbox 722 1510 911 1579; x_wconf 87' lang='lat' dir='ltr'>decantatas</span> <span class='ocrx_word' id='word_1_83' title='bbox 921 1515 944 1576; x_wconf 81' lang='lat'>³.</span> <span class='ocrx_word' id='word_1_84' title='bbox 974 1515 1096 1580; x_wconf 81' lang='lat' dir='ltr'>Verum</span> <span class='ocrx_word' id='word_1_85' title='bbox 1122 1509 1197 1599; x_wconf 89' lang='lat' dir='ltr'>apud</span> 
     </span>
     <span class='ocr_line' id='line_1_13' title="bbox 127 1622 1199 1714; baseline -0.001 -23"><span class='ocrx_word' id='word_1_86' title='bbox 127 1623 313 1702; x_wconf 87' lang='lat' dir='ltr'>Platonem,</span> <span class='ocrx_word' id='word_1_87' title='bbox 344 1625 376 1693; x_wconf 93' lang='lat' dir='ltr'>in</span> <span class='ocrx_word' id='word_1_88' title='bbox 401 1625 509 1714; x_wconf 88' lang='lat' dir='ltr'>priore</span> <span class='ocrx_word' id='word_1_89' title='bbox 533 1625 662 1714; x_wconf 81' lang='lat' dir='ltr'>dialogo</span> <span class='ocrx_word' id='word_1_90' title='bbox 680 1626 734 1714; x_wconf 88' lang='lat' dir='ltr'>qui</span> <span class='ocrx_word' id='word_1_91' title='bbox 760 1625 938 1692; x_wconf 75' lang='lat' dir='ltr'>Alcibiades</span> <span class='ocrx_word' id='word_1_92' title='bbox 955 1631 1102 1703; x_wconf 82' lang='lat' dir='ltr'>vocatur,</span> <span class='ocrx_word' id='word_1_93' title='bbox 1123 1622 1199 1691; x_wconf 90' lang='lat' dir='ltr'>haud</span> 
     </span>
     <span class='ocr_line' id='line_1_14' title="bbox 128 1737 1209 1828; baseline -0.002 -23"><span class='ocrx_word' id='word_1_94' title='bbox 128 1739 262 1806; x_wconf 92' lang='lat' dir='ltr'>multum</span> <span class='ocrx_word' id='word_1_95' title='bbox 274 1739 492 1828; x_wconf 88' lang='lat' dir='ltr'>discrepantia</span> <span class='ocrx_word' id='word_1_96' title='bbox 501 1739 600 1808; x_wconf 87' lang='lat' dir='ltr'>verba</span> <span class='ocrx_word' id='word_1_97' title='bbox 613 1739 738 1808; x_wconf 88' lang='lat' dir='ltr'>Socrati</span> <span class='ocrx_word' id='word_1_98' title='bbox 753 1740 903 1827; x_wconf 85' lang='lat' dir='ltr'>imputari</span> <span class='ocrx_word' id='word_1_99' title='bbox 916 1738 1010 1806; x_wconf 87' lang='lat' dir='ltr'>video</span> <span class='ocrx_word' id='word_1_100' title='bbox 1029 1763 1036 1806; x_wconf 92' lang='lat'>:</span> <span class='ocrx_word' id='word_1_101' title='bbox 1054 1759 1129 1806; x_wconf 88' lang='lat' dir='ltr'>eum</span> <span class='ocrx_word' id='word_1_102' title='bbox 1140 1737 1209 1826; x_wconf 70' lang='lat' dir='ltr'>igi.</span> 
     </span>
     <span class='ocr_line' id='line_1_15' title="bbox 128 1851 1202 1941; baseline -0.001 -22"><span class='ocrx_word' id='word_1_103' title='bbox 128 1858 181 1919; x_wconf 90' lang='lat' dir='ltr'>tur</span> <span class='ocrx_word' id='word_1_104' title='bbox 194 1851 383 1931; x_wconf 82' lang='lat' dir='ltr'>mncedam,</span> <span class='ocrx_word' id='word_1_105' title='bbox 402 1852 429 1920; x_wconf 93' lang='lat' dir='ltr'>si</span> <span class='ocrx_word' id='word_1_106' title='bbox 439 1872 504 1920; x_wconf 92' lang='lat' dir='ltr'>non</span> <span class='ocrx_word' id='word_1_107' title='bbox 519 1855 691 1919; x_wconf 78' lang='lat' dir='ltr'>Persarum</span> <span class='ocrx_word' id='word_1_108' title='bbox 704 1871 818 1941; x_wconf 83' lang='lat' dir='ltr'>regum</span> <span class='ocrx_word' id='word_1_109' title='bbox 833 1871 951 1930; x_wconf 86' lang='lat' dir='ltr'>mores,</span> <span class='ocrx_word' id='word_1_110' title='bbox 969 1856 1003 1918; x_wconf 92' lang='lat' dir='ltr'>at</span> <span class='ocrx_word' id='word_1_111' title='bbox 1017 1853 1133 1920; x_wconf 89' lang='lat' dir='ltr'>saltem</span> <span class='ocrx_word' id='word_1_112' title='bbox 1147 1851 1202 1919; x_wconf 88' lang='lat' dir='ltr'>avi-</span> 
     </span>
     <span class='ocr_line' id='line_1_16' title="bbox 129 1963 740 2052; baseline 0 -22"><span class='ocrx_word' id='word_1_113' title='bbox 129 1969 180 2032; x_wconf 89' lang='lat' dir='ltr'>tas</span> <span class='ocrx_word' id='word_1_114' title='bbox 193 1963 314 2032; x_wconf 90' lang='lat' dir='ltr'>Persici</span> <span class='ocrx_word' id='word_1_115' title='bbox 332 1965 425 2052; x_wconf 84' lang='lat' dir='ltr'>regni</span> <span class='ocrx_word' id='word_1_116' title='bbox 435 1963 525 2052; x_wconf 84' lang='lat' dir='ltr'>leges</span> <span class='ocrx_word' id='word_1_117' title='bbox 538 1964 740 2052; x_wconf 87' lang='lat' dir='ltr'>probavisse.</span> 
     </span>
    </p>
   </div>
   <div class='ocr_carea' id='block_1_3' title="bbox 175 2100 1203 2192">
    <p class='ocr_par' dir='ltr' id='par_1_4' title="bbox 175 2100 1203 2192">
     <span class='ocr_line' id='line_1_17' title="bbox 175 2100 1203 2192; baseline -0.001 -23"><span class='ocrx_word' id='word_1_118' title='bbox 175 2107 257 2170; x_wconf 79' lang='lat' dir='ltr'>Num</span> <span class='ocrx_word' id='word_1_119' title='bbox 272 2122 351 2190; x_wconf 83' lang='lat' dir='ltr'>ergo</span> <span class='ocrx_word' id='word_1_120' title='bbox 361 2100 528 2190; x_wconf 89' lang='lat' dir='ltr'>discipulis</span> <span class='ocrx_word' id='word_1_121' title='bbox 540 2103 639 2170; x_wconf 87' lang='lat' dir='ltr'>suasit</span> <span class='ocrx_word' id='word_1_122' title='bbox 656 2106 805 2170; x_wconf 87' lang='lat' dir='ltr'>Socrates</span> <span class='ocrx_word' id='word_1_123' title='bbox 815 2107 850 2170; x_wconf 92' lang='lat' dir='ltr'>ut</span> <span class='ocrx_word' id='word_1_124' title='bbox 860 2104 916 2170; x_wconf 92' lang='lat' dir='ltr'>uni</span> <span class='ocrx_word' id='word_1_125' title='bbox 927 2123 966 2171; x_wconf 87' lang='lat' dir='ltr'>ex</span> <span class='ocrx_word' id='word_1_126' title='bbox 976 2102 1057 2192; x_wconf 91' lang='lat' dir='ltr'>ipsis</span> <span class='ocrx_word' id='word_1_127' title='bbox 1068 2103 1203 2192; x_wconf 81' lang='lat' dir='ltr'>regalem</span> 
     </span>
    </p>
   </div>
   <div class='ocr_carea' id='block_1_4' title="bbox 130 2219 1254 3330">
    <p class='ocr_par' dir='ltr' id='par_1_5' title="bbox 130 2219 1254 3330">
     <span class='ocr_line' id='line_1_18' title="bbox 132 2219 1254 2310; baseline 0.001 -24"><span class='ocrx_word' id='word_1_128' title='bbox 132 2219 338 2307; x_wconf 77' lang='lat' dir='ltr'>potentianae</span> <span class='ocrx_word' id='word_1_129' title='bbox 353 2220 481 2288; x_wconf 86' lang='lat' dir='ltr'>volente</span> <span class='ocrx_word' id='word_1_130' title='bbox 493 2220 612 2310; x_wconf 94' lang='lat' dir='ltr'>populo</span> <span class='ocrx_word' id='word_1_131' title='bbox 638 2220 848 2288; x_wconf 79' lang='lat' dir='ltr'>deferendam</span> <span class='ocrx_word' id='word_1_132' title='bbox 863 2226 1043 2289; x_wconf 76' lang='lat' dir='ltr'>curarent?</span> <span class='ocrx_word' id='word_1_133' title='bbox 1058 2221 1202 2300; x_wconf 86' lang='lat' dir='ltr'>ltlinime;</span> <span class='ocrx_word' id='word_1_134' title='bbox 1252 2235 1254 2249; x_wconf 84' lang='grc'><em>·</em></span> 
     </span>
     <span class='ocr_line' id='line_1_19' title="bbox 131 2332 1204 2423; baseline 0 -23"><span class='ocrx_word' id='word_1_135' title='bbox 131 2352 295 2421; x_wconf 82' lang='lat' dir='ltr'>nunquam</span> <span class='ocrx_word' id='word_1_136' title='bbox 320 2333 426 2411; x_wconf 91' lang='lat' dir='ltr'>enim,</span> <span class='ocrx_word' id='word_1_137' title='bbox 451 2338 610 2423; x_wconf 88' lang='lat' dir='ltr'>utsupra</span> <span class='ocrx_word' id='word_1_138' title='bbox 635 2332 712 2412; x_wconf 84' lang='lat' dir='ltr'>dixi,</span> <span class='ocrx_word' id='word_1_139' title='bbox 738 2353 813 2423; x_wconf 85' lang='lat' dir='ltr'>quae</span> <span class='ocrx_word' id='word_1_140' title='bbox 839 2333 901 2402; x_wconf 94' lang='lat' dir='ltr'>sibi</span> <span class='ocrx_word' id='word_1_141' title='bbox 930 2334 1047 2402; x_wconf 79' lang='lat' dir='ltr'>Atticae</span> <span class='ocrx_word' id='word_1_142' title='bbox 1073 2333 1204 2402; x_wconf 88' lang='lat' dir='ltr'>civitatis</span> 
     </span>
     <span class='ocr_line' id='line_1_20' title="bbox 131 2445 1206 2535; baseline -0.002 -21"><span class='ocrx_word' id='word_1_143' title='bbox 131 2447 233 2515; x_wconf 85' lang='lat' dir='ltr'>torma</span> <span class='ocrx_word' id='word_1_144' title='bbox 259 2446 403 2534; x_wconf 87' lang='lat' dir='ltr'>placeret</span> <span class='ocrx_word' id='word_1_145' title='bbox 429 2451 541 2534; x_wconf 88' lang='lat' dir='ltr'>aperte</span> <span class='ocrx_word' id='word_1_146' title='bbox 570 2445 736 2535; x_wconf 82' lang='lat' dir='ltr'>protessus</span> <span class='ocrx_word' id='word_1_147' title='bbox 761 2453 823 2514; x_wconf 86' lang='lat' dir='ltr'>cst.</span> <span class='ocrx_word' id='word_1_148' title='bbox 855 2445 1015 2515; x_wconf 87' lang='lat' dir='ltr'>Creticam</span> <span class='ocrx_word' id='word_1_149' title='bbox 1040 2451 1073 2514; x_wconf 92' lang='lat' dir='ltr'>et</span> <span class='ocrx_word' id='word_1_150' title='bbox 1105 2450 1206 2514; x_wconf 88' lang='lat' dir='ltr'>Laco-</span> 
     </span>
     <span class='ocr_line' id='line_1_21' title="bbox 130 2560 1207 2650; baseline -0.003 -21"><span class='ocrx_word' id='word_1_151' title='bbox 130 2560 238 2631; x_wconf 88' lang='lat' dir='ltr'>nicam</span> <span class='ocrx_word' id='word_1_152' title='bbox 262 2561 442 2649; x_wconf 87' lang='lat' dir='ltr'>saepissime</span> <span class='ocrx_word' id='word_1_153' title='bbox 467 2560 699 2650; x_wconf 80' lang='lat' dir='ltr'>rempublicam</span> <span class='ocrx_word' id='word_1_154' title='bbox 724 2560 898 2640; x_wconf 90' lang='lat' dir='ltr'>laudabat,</span> <span class='ocrx_word' id='word_1_155' title='bbox 925 2561 981 2630; x_wconf 95' lang='lat' dir='ltr'>ubi</span> <span class='ocrx_word' id='word_1_156' title='bbox 1009 2561 1102 2649; x_wconf 83' lang='lat' dir='ltr'>legas</span> <span class='ocrx_word' id='word_1_157' title='bbox 1129 2581 1207 2629; x_wconf 88' lang='lat' dir='ltr'>con-</span> 
     </span>
     <span class='ocr_line' id='line_1_22' title="bbox 130 2673 1208 2763; baseline 0 -21"><span class='ocrx_word' id='word_1_158' title='bbox 130 2675 268 2743; x_wconf 90' lang='lat' dir='ltr'>stantius</span> <span class='ocrx_word' id='word_1_159' title='bbox 285 2675 560 2756; x_wconf 83' lang='lat' dir='ltr'>observabantur3</span> <span class='ocrx_word' id='word_1_160' title='bbox 587 2682 621 2742; x_wconf 87' lang='lat' dir='ltr'>et</span> <span class='ocrx_word' id='word_1_161' title='bbox 637 2673 772 2742; x_wconf 80' lang='lat' dir='ltr'>Athenis</span> <span class='ocrx_word' id='word_1_162' title='bbox 796 2676 865 2763; x_wconf 83' lang='lat' dir='ltr'>ejus</span> <span class='ocrx_word' id='word_1_163' title='bbox 887 2674 973 2743; x_wconf 90' lang='lat' dir='ltr'>modi</span> <span class='ocrx_word' id='word_1_164' title='bbox 994 2675 1081 2744; x_wconf 91' lang='lat' dir='ltr'>viros</span> <span class='ocrx_word' id='word_1_165' title='bbox 1108 2675 1208 2743; x_wconf 86' lang='lat' dir='ltr'>infor-</span> 
     </span>
     <span class='ocr_line' id='line_1_23' title="bbox 131 2786 1209 2878; baseline -0.004 -21"><span class='ocrx_word' id='word_1_166' title='bbox 131 2810 219 2858; x_wconf 87' lang='lat' dir='ltr'>mare</span> <span class='ocrx_word' id='word_1_167' title='bbox 237 2788 410 2877; x_wconf 89' lang='lat' dir='ltr'>cupiebat,</span> <span class='ocrx_word' id='word_1_168' title='bbox 428 2788 482 2878; x_wconf 90' lang='lat' dir='ltr'>qui</span> <span class='ocrx_word' id='word_1_169' title='bbox 502 2788 610 2874; x_wconf 81' lang='lat' dir='ltr'>legum</span> <span class='ocrx_word' id='word_1_170' title='bbox 630 2786 906 2855; x_wconf 86' lang='lat' dir='ltr'>observantissimi</span> <span class='ocrx_word' id='word_1_171' title='bbox 923 2794 1050 2865; x_wconf 86' lang='lat' dir='ltr'>essent,</span> <span class='ocrx_word' id='word_1_172' title='bbox 1077 2793 1111 2856; x_wconf 87' lang='lat' dir='ltr'>et</span> <span class='ocrx_word' id='word_1_173' title='bbox 1132 2789 1209 2856; x_wconf 83' lang='lat' dir='ltr'>inter</span> 
     </span>
     <span class='ocr_line' id='line_1_24' title="bbox 131 2899 1209 2990; baseline -0.006 -19"><span class='ocrx_word' id='word_1_174' title='bbox 131 2923 166 2971; x_wconf 89' lang='lat' dir='ltr'>se</span> <span class='ocrx_word' id='word_1_175' title='bbox 190 2902 388 2980; x_wconf 86' lang='lat' dir='ltr'>concordes,</span> <span class='ocrx_word' id='word_1_176' title='bbox 414 2909 447 2969; x_wconf 89' lang='lat' dir='ltr'>et</span> <span class='ocrx_word' id='word_1_177' title='bbox 466 2901 582 2990; x_wconf 87' lang='lat' dir='ltr'>peritia</span> <span class='ocrx_word' id='word_1_178' title='bbox 608 2922 646 2969; x_wconf 92' lang='lat' dir='ltr'>ac</span> <span class='ocrx_word' id='word_1_179' title='bbox 666 2901 784 2969; x_wconf 92' lang='lat' dir='ltr'>virtute</span> <span class='ocrx_word' id='word_1_180' title='bbox 806 2906 873 2968; x_wconf 89' lang='lat' dir='ltr'>tam</span> <span class='ocrx_word' id='word_1_181' title='bbox 895 2899 1030 2979; x_wconf 91' lang='lat' dir='ltr'>nobiles,</span> <span class='ocrx_word' id='word_1_182' title='bbox 1049 2907 1086 2969; x_wconf 91' lang='lat' dir='ltr'>ut</span> <span class='ocrx_word' id='word_1_183' title='bbox 1107 2899 1209 2969; x_wconf 89' lang='lat' dir='ltr'>cuncti</span> 
     </span>
     <span class='ocr_line' id='line_1_25' title="bbox 130 2988 1209 3107; baseline -0.004 -21"><span class='ocrx_word' id='word_1_184' title='bbox 130 3020 178 3088; x_wconf 91' lang='lat' dir='ltr'>eis</span> <span class='ocrx_word' id='word_1_185' title='bbox 194 3020 277 3088; x_wconf 92' lang='lat' dir='ltr'>ultro</span> <span class='ocrx_word' id='word_1_186' title='bbox 303 3040 338 3087; x_wconf 86' lang='lat' dir='ltr'>sc</span> <span class='ocrx_word' id='word_1_187' title='bbox 359 2988 574 3107; x_wconf 86' lang='lat' dir='ltr'>subjicerent,</span> <span class='ocrx_word' id='word_1_188' title='bbox 596 3017 681 3086; x_wconf 94' lang='lat' dir='ltr'>nulla</span> <span class='ocrx_word' id='word_1_189' title='bbox 703 3016 746 3095; x_wconf 87' lang='lat' dir='ltr'>vi,</span> <span class='ocrx_word' id='word_1_190' title='bbox 770 3015 864 3084; x_wconf 92' lang='lat' dir='ltr'>nullis</span> <span class='ocrx_word' id='word_1_191' title='bbox 883 3016 996 3094; x_wconf 91' lang='lat' dir='ltr'>armis,</span> <span class='ocrx_word' id='word_1_192' title='bbox 1028 3016 1116 3084; x_wconf 93' lang='lat' dir='ltr'>nullo</span> <span class='ocrx_word' id='word_1_193' title='bbox 1138 3035 1209 3082; x_wconf 93' lang='lat' dir='ltr'>ma-</span> 
     </span>
     <span class='ocr_line' id='line_1_26' title="bbox 132 3126 1210 3215; baseline -0.005 -17"><span class='ocrx_word' id='word_1_194' title='bbox 132 3131 233 3198; x_wconf 89' lang='lat' dir='ltr'>larum</span> <span class='ocrx_word' id='word_1_195' title='bbox 248 3129 365 3197; x_wconf 90' lang='lat' dir='ltr'>artium</span> <span class='ocrx_word' id='word_1_196' title='bbox 384 3149 444 3196; x_wconf 86' lang='lat' dir='ltr'>usu</span> <span class='ocrx_word' id='word_1_197' title='bbox 471 3129 586 3196; x_wconf 90' lang='lat' dir='ltr'>coacti.</span> <span class='ocrx_word' id='word_1_198' title='bbox 603 3127 649 3205; x_wconf 82' lang='lat' dir='ltr'>td,</span> <span class='ocrx_word' id='word_1_199' title='bbox 674 3127 799 3215; x_wconf 90' lang='lat' dir='ltr'>opinor,</span> <span class='ocrx_word' id='word_1_200' title='bbox 820 3126 859 3194; x_wconf 92' lang='lat' dir='ltr'>ad</span> <span class='ocrx_word' id='word_1_201' title='bbox 880 3126 1055 3195; x_wconf 89' lang='lat' dir='ltr'>servandas</span> <span class='ocrx_word' id='word_1_202' title='bbox 1069 3126 1210 3194; x_wconf 78' lang='lat' dir='ltr'>Athenas</span> 
     </span>
     <span class='ocr_line' id='line_1_27' title="bbox 131 3242 492 3330; baseline 0 -22"><span class='ocrx_word' id='word_1_203' title='bbox 131 3243 209 3310; x_wconf 88' lang='lat' dir='ltr'>satis</span> <span class='ocrx_word' id='word_1_204' title='bbox 228 3243 297 3310; x_wconf 87' lang='lat' dir='ltr'>tore</span> <span class='ocrx_word' id='word_1_205' title='bbox 314 3242 492 3330; x_wconf 73' lang='lat' dir='ltr'>iudicabat.</span> 
     </span>
    </p>
   </div>
   <div class='ocr_carea' id='block_1_5' title="bbox 134 3471 376 3485">
    <p class='ocr_par' dir='ltr' id='par_1_6' title="bbox 134 3471 376 3485">
     <span class='ocr_line' id='line_1_28' title="bbox 134 3471 376 3485; baseline 0.004 -1"><span class='ocrx_word' id='word_1_206' title='bbox 134 3471 376 3485; x_wconf 42' lang='lat' dir='ltr'>m———fl</span> 
     </span>
    </p>
   </div>
   <div class='ocr_carea' id='block_1_6' title="bbox 128 3655 1209 3899">
    <p class='ocr_par' dir='ltr' id='par_1_7' title="bbox 128 3655 1209 3899">
     <span class='ocr_line' id='line_1_29' title="bbox 165 3655 1209 3728; baseline 0.001 -20"><span class='ocrx_word' id='word_1_207' title='bbox 165 3657 173 3692; x_wconf 85' lang='lat'><strong>¹</strong></span> <span class='ocrx_word' id='word_1_208' title='bbox 196 3655 308 3726; x_wconf 78' lang='lat' dir='ltr'>Xenopli.</span> <span class='ocrx_word' id='word_1_209' title='bbox 329 3655 477 3721; x_wconf 65' lang='lat' dir='ltr'>llctuoral„</span> <span class='ocrx_word' id='word_1_210' title='bbox 492 3657 520 3712; x_wconf 49' lang='lat' dir='ltr'>li.</span> <span class='ocrx_word' id='word_1_211' title='bbox 538 3656 580 3723; x_wconf 85' lang='lat' dir='ltr'>ll,</span> <span class='ocrx_word' id='word_1_212' title='bbox 596 3674 618 3712; x_wconf 89' lang='lat' dir='ltr'>c.</span> <span class='ocrx_word' id='word_1_213' title='bbox 635 3660 660 3712; x_wconf 83' lang='lat' dir='ltr'>ti.</span> <span class='ocrx_word' id='word_1_214' title='bbox 679 3656 744 3728; x_wconf 84' lang='lat' dir='ltr'>(sub</span> <span class='ocrx_word' id='word_1_215' title='bbox 759 3659 866 3728; x_wconf 72' lang='lat' dir='ltr'>linunt).</span> <span class='ocrx_word' id='word_1_216' title='bbox 884 3657 930 3712; x_wconf 90' lang='lat' dir='ltr'>llic</span> <span class='ocrx_word' id='word_1_217' title='bbox 946 3657 1021 3712; x_wconf 85' lang='lat' dir='ltr'>ctiam</span> <span class='ocrx_word' id='word_1_218' title='bbox 1038 3657 1103 3712; x_wconf 84' lang='lat' dir='ltr'>inter</span> <span class='ocrx_word' id='word_1_219' title='bbox 1118 3674 1144 3712; x_wconf 84' lang='lat' dir='ltr'>sc</span> <span class='ocrx_word' id='word_1_220' title='bbox 1162 3656 1209 3710; x_wconf 75' lang='lat' dir='ltr'>clis-</span> 
     </span>
     <span class='ocr_line' id='line_1_30' title="bbox 128 3745 1208 3811; baseline 0.009 -20"><span class='ocrx_word' id='word_1_221' title='bbox 128 3750 264 3798; x_wconf 78' lang='lat' dir='ltr'>cel&#39;nuntur</span> <span class='ocrx_word' id='word_1_222' title='bbox 279 3751 462 3809; x_wconf 65' lang='lat' dir='ltr'>tpnmpmta</span> <span class='ocrx_word' id='word_1_223' title='bbox 487 3751 512 3797; x_wconf 81' lang='lat' dir='ltr'>el</span> <span class='ocrx_word' id='word_1_224' title='bbox 536 3746 738 3809; x_wconf 62' lang='lat' dir='ltr'>alcazazparsia.</span> <span class='ocrx_word' id='word_1_225' title='bbox 754 3748 808 3800; x_wconf 67' lang='lat'>:²</span> <span class='ocrx_word' id='word_1_226' title='bbox 828 3745 874 3808; x_wconf 59' lang='lat' dir='ltr'>ld„</span> <span class='ocrx_word' id='word_1_227' title='bbox 913 3745 986 3807; x_wconf 77' lang='lat' dir='ltr'>illul,</span> <span class='ocrx_word' id='word_1_228' title='bbox 1006 3747 1035 3802; x_wconf 74' lang='lat' dir='ltr'>L.</span> <span class='ocrx_word' id='word_1_229' title='bbox 1050 3747 1081 3811; x_wconf 76' lang='lat' dir='ltr'>ll,</span> <span class='ocrx_word' id='word_1_230' title='bbox 1098 3766 1122 3800; x_wconf 80' lang='lat' dir='ltr'>t‘·</span> <span class='ocrx_word' id='word_1_231' title='bbox 1137 3746 1162 3803; x_wconf 57' lang='lat'>⁹2.</span> <span class='ocrx_word' id='word_1_232' title='bbox 1179 3767 1208 3791; x_wconf 85' lang='grc'><em>-“-“</em></span> 
     </span>
     <span class='ocr_line' id='line_1_31' title="bbox 129 3828 512 3899; baseline -0.005 -16"><span class='ocrx_word' id='word_1_233' title='bbox 129 3828 138 3855; x_wconf 83' lang='lat'>⁸</span> <span class='ocrx_word' id='word_1_234' title='bbox 159 3828 206 3897; x_wconf 80' lang='lat' dir='ltr'>la,</span> <span class='ocrx_word' id='word_1_235' title='bbox 244 3830 317 3899; x_wconf 78' lang='lat' dir='ltr'>ilia,</span> <span class='ocrx_word' id='word_1_236' title='bbox 335 3829 465 3896; x_wconf 83' lang='lat' dir='ltr'>OEeon.,c</span> <span class='ocrx_word' id='word_1_237' title='bbox 490 3831 512 3884; x_wconf 82' lang='lat' dir='ltr'>l..</span> 
     </span>
    </p>
   </div>
   <div class='ocr_carea' id='block_1_7' title="bbox 0 0 1355 4508">
    <p class='ocr_par' dir='ltr' id='par_1_8' title="bbox 0 0 1355 4508">
     <span class='ocr_line' id='line_1_32' title="bbox 0 0 1355 4508; baseline 0 0"><span class='ocrx_word' id='word_1_238' title='bbox 0 0 1355 4508; x_wconf 95' lang='lat' dir='ltr'> </span> 
     </span>
    </p>
   </div>
  </div>
 </body>
</html>
