2684 4508
592 228 749 283 -tab-

129 450 238 504 corteto
256 429 351 523 (περί
363 435 423 499 τοῦ
442 427 550 523 ὁσίου)
565 435 608 501 ita
627 434 752 502 locutus
767 441 827 509 est,
847 440 881 501 ut
891 435 1027 521 justitiae
1042 456 1081 501 ac
1095 436 1211 501 sarlati·

131 552 206 619 latis
225 571 370 619 normam
390 573 430 620 ex
445 553 639 621 inconstanti
661 557 802 620 Deorum
829 553 913 620 inter
936 573 970 622 se
997 574 1125 641 semper
1143 555 1212 628 liti-
1278 541 1281 548 ’

129 666 276 752 gantium
288 665 454 733 voluntate
469 665 543 733 duci
559 686 622 733 non
637 685 733 753 posse
748 657 1019 734 demonstraret&

175 807 337 871 Caeterum
348 803 389 870 ab
404 802 589 871 homiuibus
602 807 687 870 Deos
701 802 822 890 negligi
837 823 899 871 uon
916 804 991 870 sinit
1005 808 1165 878 Socrates,
1180 812 1212 872 et

130 917 157 984 si
172 937 268 1005 quem
281 936 349 1004 prae
363 917 513 1006 superbia
527 916 742 1005 deprehendit
763 937 866 1004 neque
880 915 948 984 Diis
964 918 1088 1004 gratias
1103 939 1211 1006 agen·
1287 966 1288 974 ,

129 1037 208 1107 tem,
223 1050 326 1119 noque
339 1030 402 1098 ullo
413 1051 468 1098 cos
479 1031 601 1098 honore
611 1031 781 1109 nolentem,
793 1032 921 1098 assidua
935 1030 1024 1098 illum
1034 1031 1212 1122 interroga·

129 1139 218 1206 tione
242 1138 460 1227 persequitur,
476 1137 581 1206 donec
599 1138 759 1206 funestam
782 1138 1033 1226 negligentiam2
1048 1140 1099 1207 vel
1114 1140 1211 1229 depo·
1297 1174 1299 1181 ·

130 1275 225 1332 nere,
249 1256 299 1323 rel
323 1255 436 1323 saltem
459 1255 613 1324 damnare
636 1255 792 1344 coegerit.
819 1259 986 1324 Summum
1012 1260 1115 1324 Deum
1138 1277 1211 1325 esse

129 1373 241 1457 putat,
259 1373 399 1437 testante
420 1369 490 1456 ipso
510 1368 737 1456 Xenophonte,
765 1369 818 1456 qui
850 1368 956 1436 omnia
985 1372 1078 1456 regat
1101 1369 1211 1435 couti-
1257 1397 1259 1400 ·

129 1489 287 1572 neatque;
304 1483 472 1550 aliosvero
496 1486 581 1550 Deos
596 1482 644 1550 vel
669 1486 829 1572 Daemones
848 1482 990 1570 supremi
1016 1482 1099 1549 illios
1125 1482 1212 1570 regis

128 1593 313 1672 ministroS,
351 1594 565 1663 humanorum
600 1599 747 1662 votorum
789 1595 982 1683 interpretes
1010 1596 1213 1684 latorumque

129 1707 260 1775 nuutios
277 1705 379 1776 essc³.
398 1713 463 1776 Hos
477 1712 637 1776 Doernones
655 1708 719 1786 vel,
739 1708 764 1776 si
787 1707 953 1786 malueris,
977 1708 1109 1776 minoris
1125 1713 1210 1776 nctae
1268 1795 1271 1799 ἱ

127 1824 224 1897 Deos,
242 1824 388 1898 Martem,
415 1821 600 1900 Minervam,
618 1825 777 1889 Venerem
804 1821 909 1909 reipsa
934 1821 1018 1888 inler
1042 1841 1077 1889 se
1103 1822 1211 1888 vocari

128 1953 192 2000 riou
209 1935 367 2011 affirmat,
386 1939 418 2001 et
432 1933 584 2022 quidquid
607 1933 761 2011 ridicule,
776 1932 826 2002 vel
842 1932 1025 2010 crudeliter,
1055 1933 1105 2000 rcl
1128 1954 1213 2022 pro-

125 2051 220 2114 terve
234 2045 350 2114 secisse
363 2046 524 2126 dicuutur,
541 2047 647 2116 animo
661 2047 774 2136 procul
790 2044 931 2133 respuit;
950 2065 1006 2114 eos
1018 2051 1126 2113 tamen
1140 2065 1212 2114 esse

130 2165 222 2229 ratus
245 2167 314 2239 esl,
346 2168 378 2230 et
401 2162 546 2251 quamvis
572 2183 635 2232 nou
660 2162 773 2229 eadem
799 2183 873 2249 quae
900 2161 953 2228 alii
979 2168 1147 2249 precetur,
1172 2162 1212 2229 ad

126 2294 242 2341 eorum
257 2273 391 2343 delubra
402 2295 517 2363 preces
530 2276 615 2342 ferre
626 2274 805 2343 consuevit.
818 2274 908 2356 Quod
920 2275 1060 2363 quidem,
1077 2274 1223 2343 inlibris.

126 2391 165 2456 dc
187 2392 376 2478 Republica,
407 2390 524 2480 insigni
554 2390 673 2459 iudicio
705 2390 795 2457 Plato
828 2389 1062 2479 comprobavit.
1089 2389 1214 2458 Scimus

126 2501 216 2569 enim
231 2521 384 2590 magnam
398 2502 494 2591 hujus
508 2502 617 2590 operis
630 2507 756 2590 partem
771 2503 804 2569 in
818 2507 930 2590 turpes
945 2501 1099 2569 falsorum
1112 2501 1213 2569 numi·

127 2634 207 2685 uum
224 2614 375 2683 historias
393 2614 588 2682 deridendas
602 2618 635 2683 et
654 2615 883 2702 vituperandos
906 2613 1086 2703 impendi⁴;
1104 2635 1213 2683 nonne

126 2739 239 2800 lamen
267 2733 417 2797 Socrates
437 2749 456 2796 a
479 2730 613 2796 Platone
639 2728 790 2796 inductus
820 2749 892 2797 sese
916 2729 948 2796 in
974 2730 1065 2797 iestis
1091 2731 1213 2797 Beodi-

125 2846 206 2911 doets
235 2842 369 2910 Dianam
398 2841 501 2920 illam,
531 2862 627 2930 quam
656 2841 752 2910 Piraei
787 2841 904 2910 incolae
940 2847 1008 2910 tam
1041 2842 1213 2932 magnifica

127 2974 249 3042 pompa
264 2952 489 3030 celebrabant,
509 2958 677 3040 precatum
692 2973 764 3020 csse
779 2953 877 3020 refert
888 2951 925 3020 ⁵?
939 2957 1116 3020 Dromonem
1137 2973 1212 3021 vcro

127 3067 191 3135 sibi
205 3065 321 3134 adesse
335 3085 394 3133 cur
408 3085 471 3132 uon
495 3084 535 3132 ex
556 3065 663 3132 animo
688 3065 905 3134 credidisset?
931 3070 1014 3148 Quot
1037 3066 1122 3133 enim
1139 3073 1212 3154 post

127 3199 204 3247 eum
214 3179 409 3267 philosophi,
420 3179 565 3267 quamvis
575 3180 740 3248 fabulosos
749 3184 953 3248 omnesDeos
963 3179 1144 3268 rejicerent,
1157 3179 1212 3246 iu-

128 3299 179 3359 ter
189 3291 365 3359 humanum
380 3312 484 3380 genus
499 3298 531 3359 et
545 3312 706 3359 summum
716 3296 840 3361 Numen
856 3294 1042 3361 innumeros
1051 3296 1212 3361 Daemones

163 3724 176 3766 ¹
195 3725 272 3791 Plat,
288 3726 460 3799 berthgyth:
479 3727 488 3756 ⁸
509 3728 633 3798 Xenopb„
650 3729 799 3796 Memorat,
817 3731 845 3785 L.
863 3732 882 3796 l,
898 3748 920 3787 c.
936 3733 960 3786 l.
978 3732 1030 3766 =⁴
1050 3732 1097 3796 ll,
1136 3731 1208 3798 ibid,

129 3815 157 3868 l„
174 3815 214 3879 lll,
231 3833 253 3869 c.
271 3816 296 3871 3,
314 3833 341 3854 =
361 3817 370 3844 ⁶
389 3816 449 3871 lide
465 3818 602 3886 prasertim
617 3819 700 3883 Plat,
724 3819 760 3874 lle
776 3819 893 3892 Repreh,
918 3823 945 3878 L.
968 3823 998 3888 ll,
1021 3821 1068 3876 sub
1092 3821 1166 3876 finem
1186 3830 1211 3877 et

131 3901 157 3954 lt.
185 3904 215 3967 X,
240 3904 264 3956 in
291 3904 490 3974 principiis=⁸
512 3906 599 3971 Plan,
615 3906 650 3960 Dc
664 3907 738 3978 liep,
756 3908 782 3962 li.
801 3909 809 3962 l
828 3909 965 3981 (inprimis
981 3909 1118 3981 uorsibus).
