2684 4508
571 218 677 273 -uoc
699 249 729 258 -

112 408 337 486 Atheniensis,
370 410 584 479 inconstantia
599 417 632 479 et
646 410 776 481 levitate
794 412 940 503 insignis,
969 416 1023 504 qui
1044 416 1185 487 vicissim

113 528 180 590 tam
192 528 435 612 sugentemque
451 521 568 591 stultus
581 523 762 603 videbatur,
780 546 875 616 quem
890 546 977 596 nunc
989 531 1187 618 magnanimi

114 637 259 714 affectus,
277 655 364 703 nunc
386 656 467 704 vana
490 637 653 726 superbie,
669 657 756 707 nunc
774 637 906 708 humani
931 640 1062 729 generis
1083 661 1184 722 amor,

115 767 200 817 nunc
211 746 432 817 crudelissima
443 748 604 838 iniquitas,
619 771 704 819 nunc
717 750 926 822 honestarum
940 753 1057 822 artium
1067 754 1184 835 studia,

114 859 370 930 nuncvilissimae
380 862 539 933 mercedis
551 883 626 952 spes
637 883 735 953 agere
747 871 781 934 et
792 864 958 954 impellere
971 865 1130 946 solebant,
1146 866 1186 938 ad

112 973 210 1041 risum
227 993 355 1062 semper
371 974 581 1065 festivumque
595 976 841 1065 castigationem
860 977 1001 1047 comicos
1017 979 1184 1049 invitabat.

156 1109 246 1180 Adde
259 1111 345 1199 quod
374 1112 534 1181 sentiebat
548 1111 686 1201 populus
712 1113 852 1183 indolem
874 1136 965 1184 suam
993 1117 1054 1186 sibi
1082 1119 1187 1208 magis

112 1243 207 1312 quam
228 1223 413 1293 violentiam
434 1224 529 1293 istam
548 1225 738 1313 optimatum
755 1228 931 1296 cavendam
945 1248 1040 1314 esse;
1067 1230 1131 1300 imo
1146 1251 1187 1302 ex

113 1337 260 1427 populari
286 1337 469 1405 temeritate
499 1337 667 1407 adversam
694 1341 866 1410 factionem
892 1340 1054 1411 interdum
1079 1349 1187 1414 tantus

112 1454 196 1521 uires
215 1453 356 1522 duxisse.
378 1452 459 1533 Quid
486 1473 602 1542 nempe
627 1455 765 1522 Atticam
781 1455 957 1544 potentiam
973 1458 1102 1538 afflixit,
1125 1460 1185 1537 nisi

111 1566 217 1634 Sicula
231 1563 393 1653 expeditio
417 1570 451 1633 et
476 1564 656 1654 improbata
682 1566 782 1635 Niciae
806 1568 969 1650 consilia?
987 1573 1090 1651 Quum
1113 1591 1185 1641 sese

111 1681 247 1771 populus
270 1680 354 1748 intra
366 1679 484 1768 priscae
509 1679 679 1749 modestiae
701 1681 858 1749 terminos
883 1683 1081 1762 contineret,
1108 1705 1185 1754 num

110 1792 251 1872 Aristidi,
265 1792 484 1862 modestorum
494 1792 685 1881 optimatum
695 1793 822 1873 fautori,
836 1794 966 1865 difficile
978 1796 1038 1866 fuit
1048 1797 1185 1868 saevissi·

111 1928 235 1976 morum
246 1906 429 1996 principum
440 1905 712 1994 conspirationem
724 1906 921 1977 dissolveret
937 1908 1000 1978 Sed
1013 1915 1183 2001 postquam

108 2020 247 2110 populus
261 2020 331 2109 ipsa
346 2018 495 2089 libertate
508 2019 592 2088 male
606 2038 684 2089 usus
699 2025 767 2100 est,
783 2041 859 2109 pars
879 2022 1088 2111 optimatum,
1105 2023 1183 2094 indi·

108 2134 261 2223 gnatione
286 2133 440 2212 accensi,
472 2131 512 2200 ad
537 2131 722 2201 violentiam
746 2134 854 2202 omnia
870 2137 938 2223 jam
955 2136 1086 2206 consiliu
1104 2156 1184 2206 ver-

107 2253 215 2316 terunt
230 2272 238 2332 3
255 2247 385 2336 quidam
400 2246 484 2315 inter
500 2245 755 2335 sapientissimos
770 2247 873 2325 cives,
900 2268 998 2338 quom
1019 2256 1181 2338 aegrotare

107 2361 339 2450 rempublicam
363 2359 598 2448 intelligerent,
623 2358 708 2428 ferro
733 2365 766 2427 et
793 2358 868 2447 igne
882 2360 1076 2443 medendum
1097 2381 1181 2430 cen-

107 2479 260 2556 suerunt;
294 2471 385 2542 multi
405 2478 530 2552 autem,
559 2492 640 2563 quos
666 2471 699 2540 in
733 2471 834 2540 libera
860 2473 989 2543 civitate
1016 2475 1181 2564 popularis

107 2588 196 2656 fauor
221 2586 262 2654 ad
285 2585 449 2674 fastigium
476 2605 541 2655 non
569 2590 739 2664 evexerat,
780 2586 905 2675 imperii
936 2590 1176 2679 consequendi,

105 2700 230 2769 cunctis
245 2699 343 2769 rebus
363 2698 487 2778 mixtis,
505 2698 631 2787 copiam
655 2698 717 2767 sibi
743 2698 850 2767 fucere
875 2704 1067 2771 statuerunt.

150 2847 207 2917 llis
227 2847 378 2917 omnibus
402 2847 452 2916 vel
476 2843 653 2923 irascendi,
682 2844 733 2912 vel
759 2864 872 2915 severa
899 2848 1100 2928 meditandi,
1129 2852 1178 2919 rel

106 2962 244 3031 civitatis
267 2959 493 3030 subvertendae
515 2959 719 3029 occasionem
746 2960 885 3048 populus
910 2960 1053 3031 adimere
1080 2969 1180 3053 pote-

105 3081 177 3153 rat,
201 3074 228 3142 si
257 3071 353 3142 modo
375 3077 463 3141 reete
477 3070 660 3140 admonitus
683 3057 845 3140 uitiasua
871 3071 1036 3163 corrigere
1055 3074 1174 3159 vellet;

105 3187 276 3276 optimates
290 3204 370 3274 ergo
382 3204 441 3273 per
454 3182 621 3253 interualla
636 3201 786 3252 coercere
809 3184 1028 3253 necessarium
1040 3192 1121 3266 erat,
1136 3208 1178 3259 ne

104 3300 255 3369 traditum
270 3320 288 3368 a
305 3297 452 3388 putribus
475 3296 659 3366 libertatem
682 3294 822 3363 violento
849 3295 979 3366 turbine
1001 3307 1174 3387 raperent;

103 3420 137 3484 at
158 3413 381 3502 semetipsum
400 3408 539 3499 populus
553 3414 710 3498 perpetuo
724 3427 876 3477 coercere
889 3407 1066 3480 debuisset.
1086 3414 1177 3495 Quod

102 3548 167 3598 non
186 3513 262 3596 lecit
276 3525 406 3616 quidem
419 3523 524 3595 Attica
538 3542 632 3613 gens,
647 3521 705 3590 sed
720 3520 903 3590 faciendum
915 3522 1127 3615 intelligebat,
1144 3534 1177 3597 et

100 3642 243 3731 tragicos
265 3640 446 3709 comicosre
465 3642 594 3727 poetas,
611 3654 709 3724 quum
732 3633 922 3706 modestiam
938 3636 1000 3727 ipsi
1018 3639 1069 3707 vel
1092 3660 1177 3729 gra-

100 3756 195 3826 vibus
211 3754 337 3833 verbis,
366 3752 416 3822 vel
441 3752 554 3822 festive
576 3748 715 3821 ludendo
731 3748 921 3829 suaderent,
943 3752 1056 3840 plausu
1071 3773 1173 3824 exce-

103 3869 149 3956 pit
171 3865 446 3952 confirmavitque.
