2684 4508
602 183 632 190 ·
652 151 706 206 aro
729 183 755 189 -

139 370 203 418 non
231 368 362 437 prorsus
389 346 556 416 deterruit.
599 346 680 414 Huic
715 346 800 413 enim
838 347 1035 415 comicorum
1070 368 1217 417 censurae

141 461 277 550 plurima
319 460 422 528 inerat
459 456 648 548 prudentia,
691 457 748 526 sed
787 457 930 547 vulgaris
962 459 1145 537 interdum,
1183 468 1218 532 et

140 574 321 644 remotioris
351 574 446 661 paulo
471 572 616 641 veritalis
649 572 931 661 ignara.'lnutiles
959 572 1046 639 enim
1079 593 1132 640 res
1165 573 1216 640 vel

140 686 288 755 humanis
307 685 469 755 mentibus
488 685 671 754 inaccessas
697 684 858 774 inquirere
879 684 1012 753 stultum
1034 690 1105 768 est;
1130 685 1216 775 quod

139 798 277 887 populus
290 803 324 866 et
338 798 453 866 comici
468 797 608 867 clament
623 850 631 877 ,
651 798 736 887 quod
751 798 848 866 etiam
865 802 1015 867 Socrates
1027 798 1191 867 fatebatur
1208 822 1215 865 :

138 918 257 1002 quanta
270 918 378 980 autern
393 911 491 979 rebus
505 910 625 981 utilitas
639 912 731 989 insit,
748 919 868 1001 quanta
889 911 931 980 sit
946 931 1022 1001 spes
1034 912 1171 1000 quaesita
1183 918 1218 981 et

137 1025 329 1112 investigata
348 1023 529 1112 reperiendi
550 1044 612 1091 non
627 1024 743 1112 vulgus
755 1025 851 1111 plane
866 1024 1032 1113 perspicit.
1053 1027 1084 1092 ls
1097 1043 1216 1112 nempe

139 1137 192 1226 qui
211 1137 335 1226 primus
355 1137 490 1226 stipulas
503 1137 634 1206 succino
653 1143 807 1206 attractas
824 1138 955 1206 attentis
979 1138 1081 1206 oculis
1094 1138 1217 1207 obser-

137 1250 222 1318 vavit
238 1249 412 1338 singularia
429 1248 578 1340 quaedam
592 1258 625 1321 et
639 1270 847 1341 supervacua
862 1252 998 1319 scrutari
1023 1253 1111 1320 visus
1137 1257 1188 1319 est
1203 1277 1211 1334 ;

137 1383 198 1432 ncc
217 1363 388 1433 defuerunt
403 1364 549 1453 profecto
563 1365 617 1455 qui
632 1369 855 1453 consumptam
874 1363 907 1432 in
923 1363 973 1432 his
987 1363 1100 1434 studiis
1114 1364 1214 1433 vitam

137 1474 333 1545 deriderent.
356 1476 416 1544 llio
436 1480 546 1545 tamen
574 1478 771 1545 recentiores
798 1475 838 1544 ad
858 1475 1000 1546 fulminis
1025 1477 1090 1545 vim
1112 1486 1215 1546 natu-

137 1609 270 1679 ramque
295 1589 555 1679 cognoscendam
589 1588 715 1678 impulit
741 1589 937 1678 adjuvitque.
973 1590 1085 1658 Fuisse
1115 1590 1215 1659 etiarn

139 1702 309 1772 nonnullos
337 1702 453 1791 opinor
477 1702 532 1792 qui
556 1701 823 1791 christophorum
837 1701 1027 1773 Columbum
1053 1703 1216 1773 admone-

137 1820 210 1885 rent
228 1835 269 1884 ne
284 1815 408 1884 ineerta
421 1834 482 1905 pro
504 1814 601 1884 certis
628 1820 792 1905 captaret,
824 1819 924 1905 utque
942 1817 1216 1886 mediterraneum

136 1948 225 1997 mare
239 1929 429 1999 mercatoria
443 1948 526 1997 nave
538 1927 781 2017 perlustrando,
799 1928 932 1999 alterius
949 1929 1038 1999 orbis
1051 1949 1187 1998 secums
1201 1981 1211 2009 ,

137 2058 205 2108 rem
219 2038 409 2108 familiarem
424 2038 485 2109 sibi
497 2059 613 2128 parare
624 2044 806 2108 conaretur.
822 2039 930 2129 Magni
943 2040 1029 2109 enim
1040 2040 1101 2108 viri
1110 2039 1214 2108 multa

137 2150 260 2230 vident,
276 2172 350 2241 quoe
367 2153 394 2221 si
417 2152 538 2241 pariter
551 2151 753 2222 discerneret
774 2151 904 2241 vulgus,
922 2173 999 2244 spes
1018 2173 1129 2223 eorum
1148 2173 1215 2221 au-

137 2265 326 2355 daciamque
348 2285 485 2334 assensu
499 2265 624 2335 foveret
638 2291 646 2350 ;
664 2271 696 2335 at
712 2287 770 2336 cur
784 2265 828 2335 illi
841 2272 984 2356 sperent,
1000 2287 1058 2336 eur
1075 2265 1217 2335 audeant

138 2376 231 2468 plebs
256 2377 359 2466 primo
386 2398 450 2446 non
473 2378 635 2466 intelligit.
659 2377 742 2447 Hinc
764 2378 863 2458 risus,
887 2379 965 2448 hinc
985 2379 1212 2458 coutumeliae,

139 2488 214 2557 hinc
236 2489 297 2557 isle
321 2488 474 2566 consilia,
506 2508 579 2577 quae
607 2489 668 2557 nisi
694 2489 736 2558 ab
757 2488 899 2578 egregiis
923 2489 1001 2559 viris
1027 2490 1217 2579 plerumque

138 2603 358 2692 rejicerentur,
375 2603 487 2691 generi
511 2601 652 2670 humano
672 2602 773 2672 multa
789 2602 993 2691 excogitandi
1019 2602 1216 2691 creandique

138 2718 223 2785 viam
241 2714 492 2805 praeeluderent.

183 3001 275 3085 Quod
286 3002 416 3091 quidem
430 3001 564 3071 Athenis
576 3006 713 3090 quatuor
731 3008 807 3072 ante
821 3001 985 3074 Christum
1000 3003 1117 3072 seculis
1131 3022 1214 3072 eve-

140 3117 198 3186 nit.
224 3114 307 3198 Quid
339 3116 423 3185 enim
448 3114 627 3185 communis
651 3135 766 3186 seusus
785 3116 1011 3206 Aristophanis
1035 3115 1215 3206 {equalibus

141 3227 277 3299 suadere
299 3226 478 3307 videbatur,
501 3227 562 3297 nisi
579 3234 618 3298 ut
636 3228 761 3317 priscos
781 3229 853 3299 illos
880 3249 988 3300 mores
1011 3230 1217 3320 priscamque

141 3343 373 3433 rempublicam
387 3341 587 3422 retinerent,
613 3341 730 3431 quibus
757 3341 913 3412 adversus
934 3343 1094 3413 Barbaros
1112 3348 1216 3412 totam

141 3455 300 3527 Groeciam
326 3453 462 3524 feliciter
474 3453 688 3524 defenderant
700 3456 840 3544 majores
854 3461 887 3526 et
908 3457 941 3526 in
962 3462 1088 3526 tantum
1101 3457 1215 3547 gloriae

142 3570 305 3661 fastigium
320 3567 464 3638 Athenas
476 3573 674 3637 evexerant?
687 3568 896 3659 Apparebant
908 3570 1050 3660 undique
1062 3570 1157 3640 bonis
1170 3573 1216 3641 vi·

142 3684 186 3754 ris
204 3701 358 3752 novorum
378 3679 628 3769 disputationum
646 3680 866 3762 incommoda,
883 3703 963 3773 quas
978 3682 1069 3752 multi
1082 3683 1212 3772 quidem

142 3795 279 3886 improbi
297 3793 336 3862 ad
351 3793 509 3884 privatam
522 3792 692 3863 utilitatem
707 3799 894 3864 convertere
909 3795 1083 3886 cupiebant
1098 3819 1106 3879 ;
1126 3816 1214 3885 quo-
