2684 4508
605 212 744 267 411..

127 414 181 482 cui
195 407 343 487 'lecideg
353 412 402 479 vel
412 398 516 479 Nhnes
526 415 683 478 meorumue
693 432 810 479 nomen
822 418 902 487 crat,
917 412 1049 479 forsitan
1059 412 1208 480 demons-

127 538 216 598 trare
251 528 386 598 tentavit
409 527 570 594 maritimo
594 528 788 594 commercio
817 547 880 595 non
906 526 1060 615 pauciora
1090 528 1207 598 damna

127 661 226 731 quam
241 636 394 727 agrorum
407 639 541 708 culturae
555 637 666 705 inferri
678 645 700 703 ¹.
718 640 822 719 Quum
836 638 969 706 taudem
983 640 1101 708 Cleone
1116 659 1210 707 mor-

125 761 185 823 tuo
200 754 290 843 pacis
304 773 343 820 ac
358 751 576 820 rusticationis
591 770 666 839 spes
681 751 800 818 certior
812 751 1022 839 optimatibus
1037 773 1076 820 ac
1089 754 1211 842 populo

129 868 270 946 affulsit,
289 887 370 934 nora
386 863 544 934 cnmoedia
557 866 624 952 jam
645 884 746 952 prope
770 865 935 932 victricem
960 866 1060 934 Niciae
1080 887 1210 934 causam

128 979 276 1048 defendit
298 977 543 1067 Aristophanes.

176 1123 212 1186 ln
238 1117 300 1184 bac
313 1116 412 1205 igitur
423 1120 527 1193 Pace,
545 1134 641 1205 quam
664 1121 852 1183 Graecorum
874 1115 1053 1182 carminum
1075 1114 1210 1184 studiosi

130 1231 285 1320 peculiari
321 1249 450 1316 semper
476 1248 585 1296 amore
614 1227 788 1304 fovebunt,
819 1226 950 1294 liniendi
976 1226 1052 1295 belli
1079 1227 1212 1296 delicias

130 1351 201 1420 tam
233 1342 319 1411 dulci
344 1348 440 1410 cantu
471 1341 668 1416 celebravit,
697 1346 731 1408 ut
746 1361 801 1408 ees
829 1341 970 1409 nondum
997 1341 1212 1409 celebravisse

131 1457 308 1526 videretur.
338 1456 395 1523 llic
408 1454 484 1523 belli
499 1474 614 1522 causes
629 1475 693 1521 non
720 1453 835 1522 eodem
856 1473 989 1542 prorsus
1004 1440 1100 1521 modo
1115 1452 1214 1522 refert
1254 1466 1257 1471 ·

132 1575 230 1658 atuue
245 1569 276 1635 in
297 1568 561 1635 lehunnensibus.
578 1566 735 1633 Periclem
749 1565 879 1655 quidem
898 1573 946 1634 tot
960 1565 1117 1633 mulorum
1130 1585 1215 1634 auc-

131 1691 238 1751 torem
253 1703 326 1750 esse
340 1684 456 1750 iterum
478 1681 608 1769 arguit3
635 1680 692 1749 sed
717 1681 816 1748 trium
839 1682 1047 1749 meretricum
1074 1680 1214 1750 fabulam

133 1797 306 1874 omittens
330 1795 478 1884 graviora
500 1800 533 1862 et
546 1799 637 1861 tanto
652 1793 721 1860 viro
745 1773 930 1861 honestiora
955 1800 1211 1873 commemorat:

133 1909 247 1977 Phidia
274 1929 405 1996 nempe,
438 1908 571 1996 egregio
596 1906 736 1983 artilioe,
768 1907 800 1974 in
817 1907 972 1974 ,exsilium
1000 1915 1093 1985 acto,
1119 1907 1215 1975 simi-

133 2025 197 2092 lem
213 2042 286 2091 eum
301 2023 447 2090 timuisse
463 2040 610 2109 poenam,
632 2027 664 2089 et
686 2028 721 2088 ut
739 2023 838 2089 iratos
861 2021 987 2088 animos
1012 2042 1030 2088 a
1058 2041 1093 2090 se
1116 2042 1216 2088 aver-

132 2140 238 2207 teret,
278 2136 327 2201 vel
365 2140 399 2200 ut
436 2133 655 2201 necessarium
688 2153 723 2201 se
760 2133 878 2200 civitat
914 2133 1059 2209 laceret,
1095 2133 1214 2200 bellum

133 2245 360 2315 conflavisse².

180 2385 247 2449 Nec
260 2381 292 2473 in
315 2385 398 2448 rece
412 2368 552 2449 velutin
576 2385 832 2452 Aclmrncnaitns
860 2383 1103 2455 Lacedaemonii¹
1121 2383 1214 2471 culpa

133 2502 271 2578 vacant;
302 2516 414 2563 eorum
430 2496 515 2563 enim
530 2497 790 2584 potentissimum
805 2510 963 2586 quemque
983 2498 1106 2576 civem,
1129 2499 1214 2586 turpi
1310 2505 1314 2514 '

131 2615 281 2698 quaestus
295 2628 406 2676 amore
428 2609 600 2696 impulsum
615 2617 648 2678 et
662 2633 685 2677 a
704 2611 879 2679 rebellibus
899 2612 1098 2680 Athenarum
1120 2612 1216 2680 sociis

132 2729 322 2810 ‹mrruptum
337 2742 410 2790 esse
430 2723 596 2790 contendit
609 2704 880 2812 hristoplrancs³;
908 2744 1000 2803 mox,
1024 2732 1059 2793 ut
1084 2746 1215 2815 sperare

133 2856 195 2924 par
211 2841 295 2913 erat,
315 2854 445 2902 omnem
467 2835 548 2903 iram
564 2835 598 2902 in
612 2837 829 2905 exsecrandos
843 2844 989 2935 oratores
1002 2845 1211 2917 convertens,

133 2948 292 3038 populum
306 2947 539 3017 Atheniensem
554 2949 595 3017 ab
611 2949 650 3018 irs
663 2950 894 3018 venumdatum
910 2949 1068 3039 depingit,
1087 2959 1120 3018 et
1133 2951 1214 3020 frus-

134 3071 185 3128 tra
209 3080 342 3128 uvarum
358 3060 540 3149 licuumque
558 3060 719 3129 desiderio
740 3069 907 3144 enectum3
924 3082 983 3149 pro
1003 3063 1108 3152 pomis
1127 3064 1213 3133 enim

134 3195 175 3243 ac
195 3195 280 3263 pane
296 3174 473 3242 calumnias
488 3180 521 3241 et
545 3172 723 3243 delationes
743 3174 869 3243 miseris
892 3182 1038 3244 oratores
1063 3198 1216 3267 appone-

132 3288 232 3365 bant,
256 3286 374 3375 quibus
404 3286 467 3365 illi,
498 3286 640 3353 omnium
665 3308 772 3355 rerum
795 3294 948 3377 egentes,
974 3289 1066 3357 avide
1092 3311 1214 3379 pasce-

133 3401 282 3469 bantur⁴.

137 3612 376 3622 μοι-..σι-

151 3787 154 3796 '
169 3785 176 3816 ¹
199 3781 272 3844 hg„
292 3777 369 3832 Pucir
385 3778 409 3832 in
424 3779 478 3832 cod.
497 3779 598 3832 l'euclo.
627 3794 655 3815 =
679 3782 691 3817 ‘²
709 3778 846 3850 bristopln,
864 3781 888 3836 in
905 3781 977 3846 l’uc.‚
994 3797 1008 3834 r
1034 3781 1161 3838 ult-fill.
1178 3802 1213 3829 τε

133 3867 211 3932 ³ld.,
251 3867 550 3930 ibil.,v.uar-u·ll.=
577 3869 584 3895 ⁴
609 3870 655 3932 hl,
695 3868 766 3934 ibid,
784 3887 807 3922 v.
825 3871 956 3926 nub-ult.
