2684 4508
129 371 241 440 oedem
257 371 408 440 aerarium
437 371 596 439 subicere.
614 371 738 460 Saepius
759 371 845 439 enim
861 369 912 439 illa
927 375 1054 439 mutata
1073 371 1155 454 luit;
1178 377 1206 439 et

128 484 275 574 quamvis
287 484 349 553 sibi
363 485 433 571 ipse
448 484 589 574 populus
600 504 673 552 eam
687 483 860 563 decernat,
891 489 1063 572 exspectat
1085 504 1205 574 semper

127 599 233 668 donoc
256 599 396 668 Pericles
424 606 480 668 aut
506 597 581 669 Cleo
608 598 847 667 decernendam
872 592 1119 687 proposuerint.
1148 602 1205 666 Neo

128 712 267 780 diffiteor
279 712 313 780 in
336 713 449 781 Atticis
465 712 596 802 judiciis
620 692 727 781 certos
741 711 840 780 luisse
863 712 945 781 lines
959 712 1080 801 quibus
1106 732 1205 781 rerum

129 821 412 912 disceptandarum
428 829 556 913 tempus
579 825 818 905 contineretur;
840 825 913 914 quis
926 830 1038 893 autem
1060 823 1207 893 beliastas

130 935 271 1016 vetabit,
289 942 325 1005 ul
337 943 405 1007 tres
419 939 533 1008 obolos
550 938 671 1028 saepius
694 939 878 1026 accipiant,
898 937 1118 1027 paucissimas
1129 958 1208 1029 quo-

130 1049 208 1118 tidie
223 1070 340 1120 causas
351 1051 529 1141 judicare‘l
548 1052 596 1121 Ad
613 1059 760 1121 senatum
775 1053 973 1143 populumne
987 1052 1113 1120 lrustrn
1130 1071 1208 1142 que-

131 1169 244 1233 rantur
261 1166 330 1243 rei,
359 1165 474 1255 siquis
492 1173 602 1236 orator
621 1167 671 1236 rel
687 1166 846 1256 plebicola
857 1165 1003 1256 judicum
1019 1165 1164 1256 pigritiae
1181 1170 1210 1234 et

131 1277 275 1347 avaritiae
303 1280 536 1367 patrocinetur.
564 1280 631 1353 Nisi
645 1282 718 1369 jure
743 1279 881 1350 dicendo
901 1277 1039 1348 multum
1065 1278 1210 1348 delecta-

131 1394 242 1458 rentur
255 1391 489 1471 Athenienses,
508 1413 585 1461 num
611 1392 782 1481 Euripides
793 1392 972 1481 tragoedias
985 1398 1036 1460 tot
1044 1391 1211 1481 judiciali-

131 1503 192 1571 bus
206 1505 407 1592 argumentis
422 1512 456 1574 et
468 1506 732 1575 altercationibus
747 1506 940 1574 referciret‘l
959 1509 1044 1575 Num
1058 1505 1210 1576 llelenam

131 1626 317 1689 accusatam
331 1623 371 1691 ab
386 1621 540 1701 Hecuba,
570 1626 717 1691 Orestem
739 1642 756 1689 a
780 1621 939 1711 Tyndaro,
962 1622 1176 1711 Hippolytum
1193 1642 1211 1688 a

130 1734 268 1804 Pbaedra
283 1740 316 1804 et
337 1735 460 1805 Theseo
484 1737 666 1826 effingeret,
692 1757 755 1805 non
770 1736 865 1825 plena
879 1737 996 1826 tragici
1018 1736 1145 1805 doloris
1159 1734 1210 1805 sed

132 1846 269 1917 lorensis
283 1848 469 1918 subtilitatis
482 1850 580 1919 rerba
595 1848 820 1918 effundentes?
835 1853 918 1918 Num
933 1850 1102 1919 insulanos
1119 1850 1213 1919 Athe

132 1958 181 2026 nis
197 1963 322 2028 tentum
337 1961 531 2049 J'udioandos
545 1980 618 2030 esse
631 1959 829 2029 decrevisset
847 1957 1034 2050 populusl‘l

173 2149 218 2164 -
241 2115 283 2181 rtt
302 2114 388 2182 enim
407 2113 470 2182 boc
483 2099 589 2202 poscit
605 2113 771 2204 popularis
786 2112 988 2202 respubliea;
1019 2114 1047 2182 si
1076 2113 1214 2183 ducibus

130 2226 431 2318 inspectoribusque
467 2229 499 2297 in
536 2228 657 2298 insulas
685 2228 791 2297 missis
830 2248 882 2296 res
907 2227 1010 2322 'paulo
1045 2227 1215 2317 graviores

130 2336 312 2426 disceptare
336 2341 467 2419 liceret,
497 2362 561 2410 non
589 2341 783 2410 multitudini
809 2343 894 2430 jam,
922 2340 977 2410 sed
1007 2341 1124 2430 paucis
1150 2341 1216 2410 ob·

131 2447 277 2541 sequium
306 2473 346 2521 ac
369 2453 489 2524 tributa
518 2454 698 2544 penderent
729 2455 819 2524 socii.
857 2455 924 2523 Nisi
957 2454 1099 2543 populus
1121 2453 1213 2542 ipse,

132 2566 164 2634 in
186 2567 379 2656 multiplices
404 2567 550 2656 judicum
577 2567 726 2637 decurias
750 2567 894 2645 divisus,
921 2589 939 2636 a
968 2566 1216 2655 magistratibus

132 2683 199 2751 suis
223 2683 366 2753 omnium
392 2685 551 2755 laetorum
582 2692 616 2756 et
640 2686 745 2754 omnis
772 2686 921 2775 pecuniae
944 2684 1132 2754 commissae
1159 2703 1216 2750 ra-

130 2797 252 2866 tionem
271 2799 436 2888 exigeret,
465 2805 620 2888 tyrannos
644 2819 719 2868 mox
747 2798 797 2866 rel
825 2819 1002 2888 paucorum
1034 2797 1216 2886 potentiam

131 2929 329 2999 consurgere
353 2911 548 2980 videremus.
590 2915 702 2980 Nonne
737 2910 882 2999 judicum
922 2910 1095 2979 sententiae
1126 2910 1217 2998 ipsos

131 3023 241 3112 populi
265 3043 392 3093 errores
418 3025 605 3115 corrigunt,
636 3032 670 3094 et
689 3023 775 3114 quod
798 3044 907 3094 caecus
928 3025 960 3092 in
986 3022 1056 3091 loro
1074 3023 1218 3110 impetus

131 3136 293 3215 decrerit,
334 3137 528 3206 tuendarum
558 3138 666 3228 legum
698 3158 795 3207 causa
823 3136 1002 3227 saepissime
1027 3136 1219 3224 abrogare-

133 3256 238 3318 runt‘l
263 3252 395 3332 Quoties
420 3232 506 3320 enim
520 3258 641 3330 orator,
661 3272 760 3340 quum
780 3257 894 3340 rogato
919 3249 1090 3339 plebicisto
1112 3248 1220 3317 motor

128 3372 195 3458 jam
224 3370 350 3450 abiret,
390 3373 518 3442 riolatae
555 3373 636 3462 legis
659 3369 672 3463 (
698 3364 936 3462 παρανόμων)
974 3373 1148 3438 aecusatus
1186 3373 1219 3437 et

314 3639 376 3646 ...—

172 3842 181 3872 ¹
201 3845 326 3912 benoplr..
345 3843 379 3897 lle
394 3842 503 3914 llcprulrl.
518 3843 589 3907 Alb,
604 3862 624 3897 r
645 3847 658 3901 l
673 3843 728 3909 (sub
743 3844 827 3899 srnoru.
847 3851 917 3892 Δοκεῖ
928 3841 1053 3909 liltore-l
