2684 4508
340 754 529 849 CAPUT
573 753 909 849 SECUNDUM.

505 1193 545 1237 ul:
573 1193 744 1240 SOPHOCLE.
767 1214 770 1221 Α

129 1407 191 1477 Sed
200 1410 268 1496 jam
283 1408 401 1476 viventi
416 1409 608 1497 florentique
622 1410 771 1497 AEschylo
791 1409 944 1499 egregius
959 1416 1164 1479 succreverat

82 1521 222 1590 aemulus
243 1523 296 1611 qui
320 1523 515 1612 tragaediam
536 1525 687 1593 omnibus
715 1524 857 1591 numeris
884 1523 1080 1605 absolverem
1112 1523 1164 1592 illc

81 1655 201 1725 nempe
216 1636 403 1724 Sophocles,
420 1657 515 1725 quem
533 1638 574 1706 ab
589 1639 659 1726 ipso
672 1637 807 1705 Cimone
819 1636 880 1705 sibi
893 1637 1041 1724 praelcrri
1056 1637 1164 1705 senior

80 1755 179 1840 poeta
195 1769 259 1818 non
275 1750 344 1818 sine
357 1771 476 1839 magno
491 1751 602 1827 dolore
613 1750 749 1818 viderat.
766 1753 859 1818 Hunc
868 1771 945 1818 vero
960 1753 1086 1819 Graecae
1100 1755 1164 1818 tra·

81 1863 206 1952 goedise
226 1883 338 1951 regem
354 1855 405 1930 ¹ita
418 1864 563 1932 moribus
584 1863 710 1931 facilem
729 1882 767 1930 ac
783 1869 986 1931 mansuetum
1002 1863 1102 1931 luisse
1121 1863 1165 1931 le-

82 1983 177 2055 runt,
205 1983 240 2044 ut
267 1976 385 2044 nemini
412 1997 552 2066 unquam
577 1975 807 2065 displicuerit¹.
829 1976 1023 2064 Sophoclem
1056 1977 1164 2044 Athe-

82 2090 215 2159 nienses
241 2110 305 2158 non
327 2091 372 2160 ob
398 2096 578 2186 spectatam
603 2091 726 2160 militiae
745 2092 916 2168 virtutem,
948 2091 1004 2159 sed
1033 2091 1165 2160 honoris

83 2223 184 2272 causa
198 2203 315 2272 ducem
329 2209 538 2283 creaverunt,
555 2212 588 2273 et
606 2206 638 2273 in
654 2205 761 2273 Samio
776 2204 861 2272 bello
877 2205 991 2272 Pericli
1006 2204 1164 2294 collegam

83 2318 247 2407 adjecere.
264 2321 331 2386 Nec
346 2317 445 2385 ullum
461 2338 534 2386 cum
547 2317 680 2406 egregio
694 2317 746 2385 illo
764 2316 868 2405 plebis
883 2321 1084 2385 assentatore
1097 2336 1146 2384 cer

82 2439 194 2498 tamen
220 2430 329 2498 iniisse
346 2429 473 2508 dicitur,
501 2429 746 2519 necquidquam
762 2429 880 2497 fecisse
898 2429 1058 2497 dixisseve
1079 2430 1164 2518 quod

82 2541 280 2609 multitudini
291 2541 454 2610 adversari
467 2542 573 2631 ipsum
584 2543 838 2611 indicaret.Eum
848 2541 1091 2630 igiturplacidis
1103 2541 1165 2611 illis

82 2658 211 2727 civibus
232 2658 286 2746 qui
301 2658 472 2746 splendore
485 2660 684 2727 Athenarum
699 2665 732 2727 ct
746 2659 896 2728 clementi
910 2658 1041 2727 Periclis
1056 2659 1166 2748 impe-

84 2770 135 2838 rio
150 2770 217 2839 laeli
230 2770 420 2840 lruebantur
433 2770 692 2850 adnumerarem
717 2793 778 2839 noc
802 2772 899 2841 ullam
914 2770 1044 2860 quidem
1056 2772 1088 2840 in
1103 2772 1167 2840 hoc

83 2887 195 2956 libello
208 2877 248 2956 de
262 2908 301 2958 eo
315 2889 513 2956 mentionem
523 2887 704 2956 faciendam
713 2886 899 2965 arbitrarer,
910 2886 970 2955 nisi
985 2886 1166 2975 fragmenta

83 3001 157 3089 ejus
169 3005 334 3070 exstarent
346 3001 464 3091 quibus
475 3001 562 3069 viros
577 3000 675 3070 nobili
695 3000 854 3088 sanguine
871 3005 960 3067 ortos
974 3000 1015 3068 ab
1030 2999 1166 3087 ignobi-

82 3114 164 3182 lium
177 3119 365 3204 contemptu
380 3120 412 3183 et
422 3115 591 3182 insolentia
603 3112 768 3181 vindicare
778 3112 915 3181 videtur.
935 3138 947 3172 a
966 3114 1070 3193 Quum
1086 3112 1167 3200 opti·

83 3247 174 3305 mos,
193 3227 309 3316 inquit,
328 3229 413 3296 viros
426 3229 565 3297 obscuro
579 3228 649 3296 loco
665 3227 731 3294 nati
742 3227 893 3304 vincunt,
910 3246 984 3314 quae
999 3226 1077 3295 urbs
1089 3226 1165 3294 talia

82 3340 153 3429 pati
167 3341 311 3429 queat²l
328 3368 340 3401 s
372 3345 438 3408 Nec
457 3340 507 3408 liis
524 3339 631 3408 verbis
643 3359 717 3426 quae
733 3338 763 3405 in
779 3340 878 3417 altera
894 3339 1053 3426 tragoedia
1070 3338 1165 3426 lege-

122 3767 667 3842 ¹VitcSopltocl.—Aristoph‚llam,r
696 3773 819 3835 lus-790,
837 3773 921 3828 v.82.
951 3791 978 3810 =
1006 3776 1157 3846 '²Soplr.,in

79 3858 194 3923 Alo't'dis,
211 3859 254 3914 cit.
270 3859 403 3920 aStolaeo,
421 3861 464 3914 tlt.
481 3861 507 3916 3.
