2684 4508
627 182 775 236 ..aasv

154 379 323 455 laudabam
348 398 461 447 versus
485 380 655 466 Areopago
688 397 752 445 non
784 376 941 466 ejusmodi
971 381 1094 443 tantum
1112 375 1237 464 iudicia

153 493 329 570 vindicant,
349 491 406 559 scd
429 492 585 579 majorem
602 491 775 580 quamdam
790 489 1026 567 auctoritatem,
1042 495 1078 556 ut
1095 490 1238 556 eloitote's

150 607 441 693 propugnaculum,
464 608 496 672 et
517 605 688 690 invigilans
703 624 822 690 semper
846 603 1012 669 dormiana·
1023 603 1140 688 populo
1150 620 1238 686 pro-

154 718 287 785 sidt'tnn'
306 716 421 784 merito
435 716 542 784 vocari
551 715 831 803 possitCaeterum
843 721 971 782 narrata
986 734 1003 781 a
1017 713 1190 781 Plutarcho
1203 717 1239 780 et

156 850 174 898 a
187 829 328 898 Diodoro
339 849 403 896 non
418 849 508 917 aegre
516 829 600 897 inter
610 848 645 897 se
655 828 817 896 conciliari
833 828 918 895 lieet.
930 831 1034 909 Quum
1049 827 1135 894 enirn
1148 826 1240 893 varia

156 942 276 1010 luerint
289 941 386 1030 prisci
401 941 562 1030 Areopagi
574 944 658 1033 jura,
675 961 739 1009 non
753 961 817 1008 uno
832 940 908 1018 ictu,
922 959 987 1007 uno
1001 938 1132 1006 decreto
1147 937 1241 1005 mul-

155 1054 298 1145 tiplicem
311 1055 395 1125 illius
408 1055 586 1144 potentiam
600 1053 767 1143 Ephialtes
786 1073 864 1122 sane
882 1052 1011 1130 delevit,
1038 1072 1099 1119 nec
1119 1051 1239 1120 mirum

156 1174 244 1239 esset
252 1169 280 1238 si
290 1168 455 1258 inceptum
465 1174 541 1236 ante
551 1167 700 1236 Thasiam
708 1165 945 1254 expeditionem
958 1170 1122 1232 certamen
1135 1183 1240 1253 usque

157 1282 197 1352 ad
210 1283 332 1372 primos
344 1282 556 1371 octogesimae
571 1279 763 1369 olympiadis
778 1299 880 1347 annos
895 1279 1055 1356 durasset,
1075 1299 1161 1349 nunc
1181 1298 1241 1367 po·

158 1395 232 1483 pulo
246 1400 376 1464 vetante
391 1395 432 1463 ab
447 1397 618 1483 Areopago
635 1393 803 1482 plebiscita
821 1392 971 1471 rescindi,
990 1413 1076 1460 nuno
1095 1392 1242 1479 privatos

158 1527 277 1586 mores,
292 1528 378 1575 nunc
392 1507 554 1598 publicam
566 1507 743 1596 Juventutis
756 1507 988 1576 institutionem
1003 1508 1044 1576 ab
1054 1527 1093 1574 eo
1108 1506 1239 1595 inspici.

130 1692 140 1709 ,
159 1624 205 1688 lta
217 1621 386 1710 AEschylus
399 1621 568 1690 imminuto
583 1622 738 1711 paulatim
754 1622 889 1691 coneilio
908 1642 1000 1691 serus
1017 1622 1158 1710 quidem,
1182 1620 1242 1689 sed

160 1752 224 1801 non
242 1733 373 1802 omnino
387 1739 607 1822 praeposterus
622 1734 774 1802 defensor
788 1734 991 1802 accessisset.

207 1874 366 1964 Quidquid
380 1879 490 1942 autem
508 1874 591 1941 inter
607 1881 656 1942 tot
667 1874 836 1944 dubitandi
849 1893 963 1942 causas
978 1873 1245 1941 verisimillimum

163 1993 321 2070 videatur,
338 1996 426 2060 certe
450 1997 577 2060 constat
591 1991 736 2080 poetam,
757 1990 898 2059 inductis
915 1992 947 2061 in
967 2011 1098 2058 scenam
1122 1994 1247 2058 Eume-

160 2105 298 2178 nt'dihos,
313 2103 460 2192 quamvis
473 2102 581 2193 palma
593 2103 760 2183 donatum,
771 2088 906 2172 Athenis
920 2104 952 2171 in
967 2103 1108 2172 Siciliam
1125 2104 1246 2191 migra-

160 2217 257 2294 visse,
272 2193 431 2285 ubilcrtio
445 2222 519 2304 post
532 2236 617 2284 anno
631 2237 817 2305 supremum
829 2218 915 2285 diem
926 2216 1043 2285 obierit
1058 2219 1147 2303 (ante
1159 2220 1174 2285 J
1181 2219 1242 2285 .-C.

163 2330 254 2415 luo).
270 2333 362 2397 Hanc
375 2348 454 2397 sanc
466 2329 700 2417 prosectionem
712 2329 1029 2417 ignotusAEsehyloae
1040 2328 1117 2396 vitae
1134 2328 1248 2416 scrip-

162 2447 214 2512 tor
228 2463 292 2509 non
307 2441 454 2510 exsilium
468 2449 573 2520 vocat,
592 2442 648 2510 sed
664 2442 761 2510 variis
775 2441 930 2510 molestiis
943 2441 1132 2510 attributam
1145 2441 1247 2509 luisse

79 2572 82 2578 ’
151 2555 280 2641 docet²
309 2578 316 2622 :
344 2574 480 2643 quarum
494 2554 665 2643 plerasque
683 2575 747 2622 non
769 2555 849 2623 satis
862 2574 979 2642 graves
1000 2555 1115 2642 patriae
1141 2553 1249 2621 relin-

162 2665 302 2755 quendae
312 2686 427 2734 causas
437 2665 553 2734 eruditi
560 2665 797 2756 judicaverunt.
808 2667 886 2750 Quis
900 2667 987 2735 enim
1001 2666 1112 2736 eredat
1125 2666 1248 2736 victum

164 2778 196 2845 in
224 2777 384 2867 tragoedia
409 2776 553 2866 olegiave
575 2778 799 2866 lamponianus
822 2779 1007 2868 AEschylum
1034 2778 1149 2847 decern
1171 2785 1248 2847 ante

115 2908 120 2915 ·
164 2909 267 2959 annos
292 2910 389 2980 quam
413 2891 495 2959 urbe
522 2889 716 2975 excederet,
750 2895 816 2958 tarn
844 2891 900 2959 diu
925 2891 1007 2960 iram
1034 2890 1248 2958 corrcoxissel

164 3005 326 3074 Ferehant
351 3004 481 3092 quidem
509 3004 561 3072 alii
592 3004 625 3072 in
658 3003 834 3093 spectando
858 3004 1060 3091 surgentium
1086 3005 1248 3072 Eumeni-

164 3116 241 3186 dum
267 3118 368 3186 choro
398 3116 566 3206 perculsos
593 3122 717 3186 terrore
742 3117 892 3207 parvulos
919 3117 1079 3185 efflavisse
1104 3117 1245 3189 animam

165 3235 198 3297 et
226 3218 378 3298 mulieres
409 3230 573 3299 abortivos
598 3230 740 3299 edidisse
766 3235 895 3318 partus;
940 3229 1017 3297 inde
1053 3235 1182 3319 poetam
1213 3232 1245 3298 in

165 3340 286 3430 aliquot
312 3340 428 3410 civium
450 3342 560 3410 odium
585 3342 749 3411 incidisse.
773 3343 859 3410 Talia
887 3343 1032 3432 prolecto
1059 3363 1156 3431 posse
1175 3343 1244 3411 lieri

201 3765 208 3801 ¹
225 3764 323 3830 altach,
340 3765 460 3828 Exeruere,
478 3782 501 3818 r.
518 3765 564 3820 tol
580 3784 620 3831 ;r.
639 3766 828 3824 lll5··lllh.=2
842 3765 947 3837 ,Esclrp
962 3763 1024 3833 cito,
1038 3769 1221 3820 καταπουδασῠ.

164 3856 303 3914 Almam.
