2684 4508
601 238 741 285 ...jd-

129 447 227 504 num,
252 426 420 514 egregium
444 425 582 515 denique
609 426 719 514 lyricae
749 430 849 497 Musae
873 427 1044 504 l'amulum,
1077 432 1108 494 61
1134 403 1207 494 tra-

127 539 312 628 goediarum
349 538 561 626 scriptoribus
587 539 678 606 chori
705 539 902 607 sublimitate
929 538 1014 605 lraud
1051 539 1233 636 imparem

129 652 259 740 praebet
281 651 525 738 Aristophanes
1275 646 1280 655 ’

174 916 190 1010 ἕ
219 914 250 986 7.
278 955 325 966 -
351 914 401 985 be
427 914 561 986 Cereris
584 916 769 1010 percipilio
796 929 827 988 et
853 916 961 989 lionis
981 917 1165 988 mulierum

586 1037 756 1109 concione.
1215 1037 1218 1042 ’

174 1293 245 1358 lam
260 1312 336 1360 vero
351 1292 391 1360 ad
407 1313 444 1360 ea
460 1299 606 1382 tempora
620 1295 825 1381 pervenimus
838 1316 912 1383 quae
928 1295 1021 1363 nobis
1031 1301 1079 1362 1ο1
1092 1315 1210 1364 comte·

129 1401 269 1481 diarum,
286 1421 365 1492 quos
381 1406 612 1494 Aristophanes
626 1414 660 1474 et
674 1408 725 1475 alii
741 1415 849 1496 poetae
863 1408 1094 1497 plebicolarum
1109 1407 1211 1476 insec-

104 1525 110 1535 “
129 1524 253 1584 tatores
272 1517 485 1605 scripserant,
505 1519 824 1597 vehementissimum
840 1520 984 1608 injiciant
1001 1519 1208 1587 desiderium.

127 1630 293 1700 Vicesimo
309 1631 394 1697 enim
410 1631 484 1700 belli
500 1653 605 1711 anno,
624 1634 762 1721 publicis
780 1634 871 1702 malis
882 1633 1063 1722 exasperati
1076 1633 1211 1722 optime-

129 1752 181 1813 tes
196 1764 303 1813 rerum
317 1747 410 1834 potiri
427 1753 595 1824 conantur,
614 1749 701 1815 cives
716 1748 920 1815 sermonibus
940 1747 1000 1815 sibi
1024 1747 1207 1824 conciliant,

130 1856 183 1924 vel
200 1863 325 1925 terrore
339 1859 456 1947 injecto
470 1859 565 1927 silere
584 1864 720 1946 cogunt,
737 1865 769 1926 et
783 1859 1027 1947 quadringentis
1041 1857 1117 1926 uiris
1132 1858 1212 1925 inl-

131 1971 233 2038 nitam
261 1971 396 2039 credunt
421 1978 628 2060 potestatem.

178 2115 256 2180 Haec
269 2112 474 2201 Aristophani
490 2111 693 2200 displicuisse
708 2111 876 2194 videntur3
893 2109 1084 2179 Pisandrum
1110 2111 1208 2190 enim,

130 2226 230 2313 hujus
246 2225 432 2293 mutationis
457 2231 622 2294 auctorem
637 2246 676 2292 ao
701 2225 840 2303 ducem,
868 2223 1015 2312 pecuniae
1038 2244 1136 2292 causa
1160 2243 1212 2292 res
1280 2219 1283 2225 ’

129 2339 265 2408 turbere
282 2338 426 2407 declarat
437 2341 465 2417 ¹,
483 2338 667 2417 Charminrr,
681 2339 734 2426 qui
749 2337 930 2405 Samiorum
943 2337 1135 2425 optimatum
1146 2338 1212 2405 fau-

129 2450 258 2520 toribus
270 2450 421 2518 auuilium
435 2451 542 2518 lerens
553 2450 771 2539 Hyperbolum
787 2451 930 2519 exsulem
948 2448 1136 2528 interiecit²,
1151 2450 1212 2517 ola-

130 2564 208 2632 dem
224 2564 319 2654 paulo
333 2569 407 2632 ante
422 2564 525 2631 navali
539 2585 649 2653 pugna
662 2569 829 2651 acceptam
845 2563 1019 2652 exprobrat
1029 2565 1051 2646 8;
1069 2563 1213 2651 Phryni-
1248 2569 1251 2575 '

132 2679 232 2747 chum
256 2684 289 2747 et
302 2678 557 2757 Theramenem,
588 2697 724 2768 quorum
752 2678 833 2745 alter
847 2671 1211 2766 optimatibus'primo,

131 2789 223 2880 plebi
244 2789 362 2857 deinde
387 2789 437 2858 vel
466 2790 579 2858 saltem
603 2788 775 2857 mediocris
801 2788 941 2856 fortunae
966 2788 1091 2857 civibus
1113 2789 1210 2866 lavit,

130 2901 349 2971 versutiarum
366 2907 397 2969 61
413 2901 559 2989 perhdiae
574 2900 739 2968 insimulat
750 2903 772 2968 ⁴.
788 2900 999 2968 senatoribus
1011 2899 1149 2989 denique
1162 2902 1216 2989 qui

132 3016 205 3084 sine
220 3014 283 3083 ullo
298 3013 476 3081 certamine
487 3012 732 3102 quadringentis
744 3012 821 3080 viris
833 3010 910 3079 loco
920 3017 1098 3090 cesserunt,
1115 3012 1216 3101 igna-

131 3129 198 3198 viae
214 3133 323 3196 notam
343 3128 374 3195 in
393 3129 640 3213 Thesmophoriis
656 3125 723 3213 (vel
739 3127 859 3193 Cereris
875 3127 1061 3212 peroipilio)
1078 3125 1175 3195 inurit
1189 3137 1211 3194 ⁵.

180 3267 257 3349 Quis
282 3273 390 3334 tamen
419 3266 537 3333 infitias
565 3272 618 3333 eat
643 3284 682 3331 ex
704 3262 927 3352 Aristophanis
950 3263 1119 3333 comoediis
1148 3287 1214 3334 mu·

132 3524 377 3541 ’,ι-.-

171 3733 178 3768 ¹
196 3726 333 3798 Aristoph,
351 3726 468 3798 Lysistr„
485 3744 509 3782 v.
526 3726 642 3783 1911.εἳ
655 3725 817 3798 Thucydi.
832 3726 893 3792 11111,
909 3744 932 3782 6.
948 3727 991 3782 13.
1007 3745 1035 3766 =
1049 3726 1058 3755 ⁸
1074 3727 1212 3797 Aristoph,

135 3815 298 3888 Ttomopo„
316 3817 418 3874 1804.
444 3832 471 3854 -·-
504 3815 942 3882 ⁴1u.‚non.,v.689.-uu.‚
972 3833 996 3871 r.
1019 3815 1147 3872 eur-970.
1178 3841 1211 3862 =

132 3907 142 3934 ⁸
160 3905 208 3972 ld,
227 3904 385 3978 Thesmoph..
400 3924 425 3961 r.
440 3904 491 3962 808
505 3905 566 3962 809.
584 3904 798 3961 -11.968-9“111.
