2684 4508
580 229 615 238 -.
634 198 737 253 181,

126 390 309 478 ribusjocis
323 411 400 457 usus
413 389 607 459 deridendos
621 391 741 479 populo
755 395 839 459 Deos
855 391 1048 480 propinavit.
1066 393 1208 464 Publicae

127 504 265 592 primum
282 502 447 591 religionis
462 503 626 572 ministros
641 509 674 571 et
696 505 901 572 oraculorum
921 510 1071 573 cantores
1083 507 1210 594 quoties

124 615 307 704 jactantiae,
325 620 358 682 et
372 615 538 694 vanitatis,
567 616 775 694 etavaritiae,
807 636 871 684 non
896 617 928 684 in
945 616 1063 684 Auidus
1085 617 1206 710 modo,

128 732 233 800 sedin
251 731 403 800 omnibus
418 731 485 799 tere
504 731 621 799 tabulis
644 730 752 820 arguit
769 736 776 798 l
805 732 1025 799 Recordemur
1040 732 1125 800 enim
1140 732 1211 799 11113

127 854 294 943 Delphicae
327 853 448 942 linguae
476 852 672 921 imitationes
710 874 749 921 ao
787 844 966 939 παρωᾶίας
998 853 1211 922 festivissimis

128 975 283 1058 Equitum
298 969 451 1039 diverbiis
466 970 704 1052 intermixtas¹;
722 975 755 1038 et
772 970 929 1038 hariolum
949 968 1141 1048 Hieroclem,
1158 970 1212 1060 qui

129 1088 248 1178 populo
268 1093 300 1155 ct
320 1087 487 1176 plebicolis
509 1091 541 1154 et
561 1086 883 1156 Lacedaemoniorum
898 1086 1004 1156 stultis
1020 1085 1213 1155 adversariis

129 1201 284 1289 spirantia
298 1198 417 1267 bellum
432 1200 562 1267 oracula
573 1199 690 1267 etiutit.
703 1199 786 1267 Hinc
798 1219 927 1287 magnae
942 1199 1120 1278 mercedes
1138 1199 1213 1266 trine
1283 1183 1287 1191 ’

129 1313 216 1380 lauta
239 1312 271 1379 in
290 1316 450 1401 Prytaneo
474 1311 619 1380 convivia
646 1336 653 1379 ε
678 1306 773 1380 victis
791 1311 890 1400 igitur
903 1311 1086 1400 plebicolis,
1100 1310 1214 1379 metuit

131 1426 296 1494 Hierocles
311 1445 352 1494 ne
371 1425 433 1495 sibi
449 1429 499 1494 tot
520 1424 689 1493 commoda
711 1423 884 1507 deliciant3
902 1424 1214 1514 exquisitissimaque

130 1541 251 1630 promit
274 1540 315 1608 de
345 1538 500 1628 fugienda
517 1557 598 1627 pace
619 1539 768 1608 oracula„
790 1544 862 1609 Mox
891 1545 1021 1619 autem,
1051 1538 1155 1606 allatis
1180 1539 1213 1606 in

131 1651 225 1720 Pacis
251 1651 408 1721 honorem
428 1651 547 1741 epulis,
575 1657 647 1720 exta
670 1652 749 1730 sihi,
781 1654 872 1742 quasi
890 1652 1034 1723 debitam
1053 1651 1213 1720 sacerdoti

131 1769 275 1853 partem,
296 1763 414 1833 trustra
439 1763 599 1846 vindicat3
617 1784 780 1853 quumque
802 1766 917 1834 eulinoe
940 1765 1053 1833 nidore
1071 1764 1112 1832 ad
1130 1769 1215 1854 Try-

131 1879 198 1968 gaei
212 1878 343 1948 domum
364 1879 499 1948 allectus
516 1878 571 1957 sit,
590 1879 769 1949 hostiarum
792 1881 893 1970 pelles
912 1879 1026 1956 saltem
1045 1881 1215 1970 subripere

132 1996 269 2062 tentat².

179 2131 261 2212 Quid
274 2131 446 2221 AEsoulapii
459 2152 576 2200 arcana
590 2153 852 2212 commemorem,
871 2132 903 2200 in
918 2134 1012 2201 Pluto
1026 2138 1094 2201 tam
1103 2133 1215 2221 jocose

134 2246 282 2322 detecta,
310 2251 343 2314 et
364 2247 566 2314 sacerdotem
587 2268 660 2315 aras
675 2246 949 2326 circumeuntem,
972 2249 1005 2331 et
1025 2245 1133 2314 oblata
1147 2250 1215 2315 Deo

136 2358 199 2428 liba
217 2379 313 2427 sacco
326 2358 549 2448 injicientem?
563 2365 642 2430 llaec
662 2360 769 2441 enim,
786 2360 933 2450 quamvis
954 2360 1145 2450 religionem
1159 2359 1216 2450 ip-

135 2492 222 2550 sam,
240 2471 328 2541 laesis
342 2473 575 2553 sacerdotibus,
591 2473 689 2554 facilev
699 2473 882 2563 attingant,
900 2473 995 2564 patrii
1009 2477 1119 2543 tamen
1141 2473 1216 2542 cul-

135 2591 188 2654 tus
213 2585 376 2676 vindicem
400 2606 464 2654 non
492 2587 624 2655 omnino
651 2587 853 2671 dedeceant;
886 2607 960 2656 nam
992 2587 1046 2678 qui
1074 2587 1215 2655 humana

135 2699 302 2768 mendacia
326 2698 441 2766 divinis
465 2699 580 2768 ritibus
600 2698 752 2788 adjuncta
771 2699 940 2769 denuntiat
964 2720 1029 2769 non
1052 2699 1124 2769 ideo
1149 2720 1216 2768 nu·-

136 2834 210 2884 men
224 2814 409 2900 violaverit3
436 2815 500 2884 imo
520 2816 685 2906 antiquam
699 2817 865 2905 religionis
886 2818 1106 2908 integritatem
1126 2816 1217 2887 resti·

136 2936 229 3029 tuere
240 2929 322 2999 velle
343 2930 452 3000 forsan
478 2931 651 3001 videbitur.
680 2935 721 3002 nt
740 2953 804 3000 non
819 2932 1077 3022 praestigiatores
1091 2938 1217 3001 lantum

137 3047 169 3110 et
183 3042 296 3132 plenos
315 3043 466 3112 vanitatis
481 3045 667 3114 sacerdotes
688 3045 867 3114 insectatur
880 3044 1133 3134 Aristophanem
1160 3044 1217 3114 sed

137 3156 170 3223 in
201 3161 287 3225 Deos
308 3157 397 3246 ipsos
422 3157 497 3247 quid
527 3179 591 3227 non
608 3158 707 3228 audet
731 3160 888 3229 effrenata
917 3161 987 3248 ejus
1012 3159 1217 3248 petulantia?

138 3273 240 3352 Quam
255 3269 389 3340 ridicule
403 3272 473 3340 illos
487 3276 642 3340 exornati
671 3275 705 3340 ln
732 3276 814 3341 Pace
837 3272 923 3342 enim
943 3272 1136 3343 Mercurium
1161 3272 1218 3341 in-

138 3384 227 3452 ducit
239 3405 338 3474 11111
352 3390 492 3454 Deorum
515 3385 697 3466 absentium
713 3387 828 3474 pocula
843 3391 1042 3465 servantem,
1058 3390 1092 3455 et
1109 3386 1218 3454 oblato

266 3586 393 3608 --.--··—--x

106 3755 109 3762 ’
179 3784 187 3812 ¹
208 3784 344 3854 loson,
366 3784 467 3858 nolu,
483 3800 507 3839 v.
526 3781 651 3842 ror-ror.
675 3782 738 3847 1111,
761 3799 785 3836 v.
802 3780 969 3839 nor-roos.
993 3796 1021 3817 =
1046 3779 1220 3847 111111,

136 3882 164 3929 ,1.
185 3872 344 3930 ruo-nro.
