2684 4508
587 223 746 283 -ll'l'a-

127 421 249 490 Niciam
270 418 311 489 od
336 422 571 510 capessendam
596 422 830 512 rempublicam
861 423 1025 501 hortatus,
1060 418 1207 491 tlmidam

126 541 234 604 tamen
248 534 350 604 Niciae
363 542 505 603 mentem
520 535 667 624 plurimis
681 536 761 604 locis
777 535 890 615 illudit,
904 536 959 614 ita,
977 536 1056 603 dum
1067 535 1208 622 AEsobyli

127 644 362 738 sesquipedalia
372 650 482 729 verba,
498 655 534 718 ut
544 651 642 719 rebus
656 671 695 718 ao
709 649 858 739 personis
871 651 955 720 bene
970 648 1217 726 convenientia,-·

127 767 276 840 excusat,
297 767 422 831 tantam
440 759 749 852 magniloquentiam
769 770 802 832 et
824 768 890 831 tam
905 769 1094 851 portentosa
1112 782 1209 830 rom-

128 881 236 943 meuta
261 875 377 942 leniter
402 875 600 945 subridendo
633 875 783 964 castigat.
808 878 913 956 Quum
943 873 1043 962 igitur
1069 873 1210 963 AEeehpli

128 985 276 1056 laudibus
298 987 477 1076 benignum
503 988 590 1056 buno
617 987 718 1056 risum
749 987 934 1065 miscuerit,
963 987 1004 1055 de
1031 986 1212 1057 clarissimo*

126 1104 248 1168 Graecae
271 1101 444 1190 tragoediae
461 1107 598 1190 parente
617 1103 834 1171 rectissimum
859 1102 935 1172 lecit
957 1102 1126 1191 judicium.

170 1232 212 1299 nt
239 1231 343 1320 ipsum
369 1231 557 1320 Euripidem
583 1231 686 1321 pluris
715 1232 809 1300 solito
836 1232 997 1300 interdurn
1027 1232 1209 1303 aestimasso

126 1349 253 1418 videtur
270 1349 503 1437 Aristophanes
529 1372 536 1418 :
567 1349 600 1417 in
626 1348 757 1417 amissae
780 1348 867 1417 enim
895 1347 1062 1436 eujusdam
1089 1346 1209 1416 fabulae

128 1461 330 1550 fragmento,
360 1481 395 1529 se
427 1461 591 1549 Euripidis
612 1481 703 1531 more
731 1460 831 1529 multa
858 1480 1055 1550 componere
1076 1461 1206 1542 latetur,

128 1586 185 1656 sed
201 1587 309 1655 minus
324 1573 488 1673 forensia(
498 1574 685 1670 ἀγοραῖα),
704 1582 736 1650 id
755 1589 821 1659 est,
839 1587 875 1649 ut
889 1579 967 1647 mibi
985 1579 1147 1669 conjicere
1162 1580 1210 1648 las

127 1708 195 1783 est,
214 1703 386 1772 subtilibus
401 1701 602 1792 argumentis
625 1705 659 1769 et
680 1699 855 1768 verborum
871 1695 1129 1766 cavillationibus
1142 1696 1209 1763 mi-

128 1838 188 1886 nus
204 1818 355 1886 relerta¹.
380 1820 454 1887 lllorr
466 1823 575 1885 autern
589 1802 861 1883 eum'videbimus
880 1813 912 1879 in
922 1813 1016 1879 Pluto
1033 1809 1074 1878 ad
1088 1808 1209 1878 delen-

127 1929 267 1998 dendam
280 1928 482 2018 paupertatis
495 1926 677 2014 laborisque
692 1944 824 1994 eausam
836 1924 878 1993 ab
893 1922 1046 2011 Euripide
1059 1920 1209 2012 quaedam

127 2043 249 2132 optima
265 2042 427 2110 mutuari...

130 2258 373 2317 “““““““““Ἶ

163 2420 172 2450 ¹
187 2418 314 2491 tristopl.
330 2421 361 2475 lr.
378 2419 440 2482 397,
456 2419 497 2473 ed.
513 2435 528 2473 a
545 2417 628 2478 liuba.
642 2417 668 2472 in
683 2416 748 2475 Eibl.
763 2416 846 2472 Didot.
