2684 4508
597 203 745 256 -uo-

130 382 304 489 tragoedias
327 403 396 488 ejus
417 400 504 468 iocos
532 399 733 488 colligamus
756 399 810 468 ubi
830 401 949 488 probos
964 421 1074 468 servos
1101 402 1208 470 multis

129 514 280 602 ingenuis
297 512 448 582 meliores
462 532 535 581 esse
554 511 631 580 dicit
643 525 664 591 ¹,
683 519 715 580 et
741 532 815 580 eum
834 513 888 602 qui
904 513 995 582 liberi
1014 534 1131 582 nomen
1145 535 1209 583 non

129 627 256 704 habeat,
273 626 438 695 liberalem
450 630 560 693 tamen
575 625 717 692 animum
738 644 853 714 gerere
872 626 998 713 posse²,
1016 632 1049 693 et
1063 646 1210 715 pauper·
1321 660 1322 665 κ

129 740 217 807 rimis
232 739 308 808 viris
324 737 514 807 altissimam
537 757 625 825 saepo
643 737 751 806 inesse
765 737 968 826 sapientiam,
986 758 1064 806 eum
1083 760 1211 829 agnos-

83 942 87 948 Δ
128 870 239 945 cemus
265 852 455 943 optimatum
477 850 659 918 insolentiae
677 870 840 939 nunquam
857 849 990 930 favisse,
1012 852 1069 921 sed
1097 851 1210 920 eadem

128 965 195 1033 fere
222 986 297 1054 quae
315 964 444 1033 Bolaeus
471 969 596 1041 noster,
624 962 664 1030 de
684 962 851 1031 nobilitate
875 964 1052 1032 censuisse.
1080 964 1211 1054 Utrique

127 1082 226 1171 igitur
240 1081 348 1171 placet
359 1080 478 1149 virtute
495 1079 562 1148 sola
579 1058 689 1147 veram
706 1076 906 1147 nobilitatem
924 1086 1095 1162 constare;
1113 1100 1210 1169 gene-

127 1196 172 1264 ris
184 1200 295 1263 tamen
312 1193 529 1282 splendorem,
542 1192 568 1259 si
584 1192 677 1270 uobis
692 1191 859 1280 obtigerit,
874 1211 938 1260 uon
951 1212 1085 1280 prorsus
1102 1193 1212 1281 negli-

128 1308 289 1398 gendum3
316 1308 393 1376 hinc
407 1306 492 1376 enim
516 1306 654 1394 aliquam
671 1305 764 1374 nobis
784 1305 952 1374 hominum
967 1305 1105 1394 gratiam
1127 1326 1213 1375 oon-

127 1421 247 1504 ciliari3
268 1421 345 1490 hinc
357 1441 416 1488 nos
430 1418 470 1486 ad
491 1425 581 1486 recte
599 1418 782 1497 faciendum
798 1417 976 1486 domestica
991 1418 1211 1505 exemplorum

129 1534 310 1604 hereditate
323 1532 492 1603 stimulari.

203 1817 221 1912 ξ
246 1817 278 1888 i.
306 1859 355 1869 —
381 1817 472 1901 Quid
487 1816 528 1887 de
546 1814 698 1888 nioridns
718 1839 757 1887 oc
779 1815 946 1909 relipicne
968 1814 1138 1887 censuerit

528 2050 530 2056 Ι
574 1954 775 2050 Euripides.

173 2190 255 2273 Quid
269 2189 309 2258 de
328 2191 473 2259 moribus
485 2211 524 2258 ae
537 2189 694 2280 religione
710 2189 904 2278 praeceperit
916 2188 1086 2276 Euripides
1099 2209 1138 2256 eo
1154 2188 1211 2255 di-
1275 2193 1276 2197 ’

128 2306 280 2394 ligentius
296 2324 540 2394 persequemur,
558 2304 750 2402 quodhauc
763 2322 893 2390 semper
905 2302 1091 2391 exagitandi
1108 2303 1210 2371 Euri-

127 2415 211 2508 pidis
226 2436 357 2486 causam
374 2437 444 2504 pree
459 2436 495 2484 se
509 2416 582 2485 tulit
595 2415 845 2504 Aristophanem
864 2420 898 2482 ct
911 2413 986 2482 inde
1000 2413 1128 2502 planius
1145 2434 1222 2511 ap-N

127 2530 274 2619 parebit,
303 2529 513 2619 popularibus
538 2529 682 2598 uitiiset
707 2528 799 2597 malis
826 2527 1059 2616 plebicolarum
1087 2527 1211 2597 artibus

127 2642 270 2712 infensos
289 2642 411 2730 pariter
426 2640 585 2719 homines,
606 2645 716 2708 tamen
738 2639 811 2729 quia
826 2639 868 2707 de
882 2640 1027 2708 moribus
1043 2647 1076 2708 et
1090 2639 1156 2708 Diis
1178 2647 1210 2709 et

128 2755 337 2860 philosophia
350 2754 476 2822 diversa
496 2752 667 2829 sentirent,
694 2753 727 2819 in
750 2772 785 2819 se
810 2753 948 2821 invicem
972 2775 1074 2841 prope
1096 2774 1210 2821 arma-

127 2875 179 2938 tos
200 2868 310 2936 fuisse.

173 3003 379 3092 Aristophani
404 3003 543 3091 primum
560 3007 593 3070 et
614 3022 727 3070 severo
750 3001 914 3089 Euripidis
938 3003 1064 3070 censori
1090 3001 1210 3070 Schle-
1243 3006 1245 3017 ’

128 3117 214 3206 gelio
230 3115 406 3184 concedam
424 3114 595 3183 clarissimi
603 3121 710 3203 poetae
725 3135 881 3203 personas
895 3115 960 3183 fata
974 3120 1113 3183 Deorum
1129 3135 1211 3182 ora-

129 3230 266 3318 culaquc
289 3235 322 3296 et
343 3235 483 3296 aeternas
504 3229 595 3317 leges
617 3249 681 3296 nnn
704 3234 771 3295 tam
792 3233 980 3297 constanter
1003 3248 1099 3315 quam
1123 3228 1210 3315 apud

128 3343 314 3431 AEschylum
330 3342 564 3431 Sophoclemve
577 3343 609 3409 in
624 3342 752 3431 agendo
768 3341 830 3410 sibi
842 3362 1037 3431 proponere,
1061 3347 1094 3410 et
1111 3363 1209 3430 quum

129 3453 298 3543 cupidines
318 3474 393 3522 suas
412 3454 633 3553 humanosque
652 3456 788 3522 affectus
805 3453 910 3542 magis
928 3459 1118 3542 sequantur,
1139 3474 1211 3541 pro·

169 3879 177 3915 ¹
196 3877 292 3947 Eur-ip.¹
310 3878 375 3943 ion,
388 3895 415 3933 v.
435 3877 497 3933 852».
514 3881 568 3920 =2
588 3877 741 3944 id.,Meian.
761 3878 851 3946 oinct,
868 3881 898 3935 ir.
917 3882 959 3935 id.

984 3977 1016 4028 to
