2684 4508
624 185 659 199 -
681 159 729 214 tot
748 190 782 198 -

166 356 294 424 relenta.
320 358 360 422 At
383 353 513 443 publica
539 359 731 441 paupertas
760 374 834 444 quae
870 353 1133 442 Peloponnesiaci
1165 353 1241 422 belli

166 469 275 536 clades
290 474 399 537 secuta
428 474 497 544 est,
527 467 660 554 triginta
686 468 828 535 virorum
856 467 961 556 legem
976 468 1116 557 adjuvit,
1135 475 1171 536 ut
1198 471 1242 537 ait

164 582 365 663 bleineche¹;
386 602 484 670 quum
512 581 598 649 enim
619 580 786 649 vestiendo
810 581 909 649 choro
931 581 1066 650 multum
1092 583 1241 671 pecunia:

165 716 261 768 nemo
275 699 463 788 impendere
476 699 589 776 vellet,
614 718 689 766 suas
708 697 760 766 ille
783 703 893 787 partes
911 698 1063 767 deserere
1086 700 1241 788 paulatim

166 813 308 882 etsilere
323 818 455 882 coactus
469 817 531 881 est.
547 816 709 881 Caeterum
725 811 801 880 illud
818 812 987 890 novitatis,
1014 813 1063 882 vel
1078 813 1110 880 in
1140 833 1244 903 repu-

165 925 269 1003 blica,
293 924 344 994 vel
375 926 406 993 in
433 924 563 1002 litteris,
594 925 756 1007 studium,
788 945 850 1013 quo
876 925 1092 996 Athenienses
1115 946 1245 1016 semper

165 1038 431 1117 sollicitabantur,
450 1058 508 1106 our
519 1038 686 1127 antiquum
708 1037 879 1128 comoediae
895 1059 1000 1128 genus
1019 1039 1175 1128 paulatim
1206 1041 1244 1108 iis

166 1149 313 1220 sorderet
325 1170 389 1218 non
406 1149 538 1218 minima
553 1169 649 1219 cansa
664 1148 748 1218 fuit:
773 1150 837 1219 imo
857 1157 1014 1240 quantum
1033 1151 1244 1239 optimatibus

167 1265 319 1335 auxilium
346 1265 461 1335 comici
487 1265 681 1337 attulissent,
709 1271 828 1355 quanta
853 1266 884 1333 vi
907 1261 1103 1355 popularem
1125 1273 1245 1336 statum

166 1379 405 1470 plebicolasque
420 1379 688 1467 exagitavissent‚
716 1381 777 1469 ipsi
801 1380 974 1469 optimates
998 1381 1137 1470 turpiter
1154 1380 1244 1450 obliti

168 1498 255 1562 sunt.
280 1495 394 1562 Nonne
408 1492 441 1560 in
458 1512 497 1561 eo
521 1492 628 1562 libello
642 1514 738 1583 quern
762 1494 802 1561 de
816 1493 1061 1563 Atheniensium
1076 1494 1243 1583 republica

167 1603 315 1692 scripsit,
333 1604 513 1693 Xenophon
529 1605 684 1693 populum
699 1625 853 1674 accusare
875 1626 974 1674 ausus
992 1613 1042 1674 est
1066 1607 1151 1694 quod
1174 1626 1247 1674 sese

168 1717 202 1786 in
214 1717 341 1786 theatro
354 1716 494 1786 derideri
513 1738 578 1786 non
596 1724 772 1809 pateretur,
788 1718 845 1787 sed
859 1718 999 1808 optimos
1014 1720 1101 1788 cives
1121 1719 1247 1788 comico

168 1835 297 1925 flagello
312 1855 417 1905 coesos
439 1856 533 1925 aequo
550 1837 658 1905 animo
671 1836 844 1910 videret²l
868 1826 998 1906 Scilicet
1014 1837 1248 1926 Aristophanes

169 1948 203 2015 in
228 1950 330 2035 Vespis
348 1968 478 2019 omnem
493 1950 648 2037 populum
668 1948 833 2038 iudicandi
851 1950 964 2019 morbo
983 1955 1169 2038 correptum
1183 1968 1248 2017 non

170 2060 312 2144 luserat;
338 2061 369 2169 ip
395 2063 564 2149 Equitibcs
588 2082 665 2130 vero
688 2081 860 2150 personam
887 2082 950 2130 non
977 2062 1114 2130 tinxerat
1135 2061 1248 2150 populi

171 2176 300 2243 nomine
314 2195 354 2243 ac
367 2175 511 2244 moribus
524 2175 721 2274 facetissime
735 2181 940 2244 exornatamt
966 2175 1022 2244 llis
1043 2195 1123 2265 ergo
1140 2179 1251 2244 Xeno·
1280 2161 1284 2169 ’

170 2285 302 2376 phontis
331 2288 592 2358 accusationibus
621 2286 697 2377 quid
729 2288 878 2377 injustius
907 2288 1084 2377 excogitari
1112 2295 1251 2377 potest‘?

171 2398 323 2480 Quamvis
346 2398 505 2467 acerrimo
525 2399 600 2467 odio
619 2400 808 2488 popularem
826 2399 965 2469 civitatis
988 2405 1108 2469 statum
1128 2421 1251 2489 perse-

172 2515 266 2579 cutns
279 2512 322 2580 sit
336 2510 534 2599 Xenophon,
552 2511 653 2580 miror
666 2517 754 2581 certe
772 2518 910 2583 curtam
924 2514 1095 2584 manifesta
1119 2516 1252 2584 mentiri

171 2624 372 2692 sustinuerit.
387 2623 421 2692 Si
439 2642 516 2691 vero
533 2624 739 2712 Xenophonti
755 2625 836 2695 liber
849 2644 914 2695 non
935 2626 1160 2696 attribuendus
1183 2626 1249 2704 sit,

50 2792 53 2802 .
172 2739 332 2808 lateamur
358 2738 505 2828 ignotum
525 2738 614 2808 illurn
639 2739 831 2828 optimatum
857 2740 1017 2810 vindicem
1042 2740 1158 2811 studiis
1184 2742 1253 2812 suis
1318 2819 1324 2832 ¹

172 2852 272 2921 multo
291 2852 396 2942 magis
417 2872 514 2941 quam
536 2853 662 2921 veritati
676 2858 710 2920 et
732 2851 915 2940 prudentiae
938 2854 1159 2937 consuluisse;
1186 2874 1251 2922 non

173 2985 306 3053 parvam
328 2965 414 3034 enim
440 2964 665 3034 auctoritatem
680 2964 860 3035 istiusmodi
880 2966 1061 3036 mendacia.
1077 2968 1133 3037 tali
1158 2968 1252 3058 operi

174 3077 359 3148 detrahunt.

218 3218 311 3284 -At
323 3215 410 3284 enirn
424 3214 509 3284 inter
520 3214 654 3304 triginta
665 3215 807 3286 virorum
819 3216 950 3288 exitium
964 3219 1255 3312 Aristophanisque

173 3332 312 3397 mortem
332 3326 538 3397 intercedunt
559 3329 637 3397 anni
662 3327 784 3418 aliquot
796 3330 913 3419 quibus
931 3331 1061 3420 antiqua
1090 3333 1254 3403 comoedia

176 3556 406 3574 ἢ

211 3741 222 3784 ¹
241 3739 388 3807 bleinecke.
403 3709 539 3798 Concilio
552 3737 612 3795 hist.
628 3739 684 3796 crit.
699 3739 724 3795 in
740 3739 818 3812 primo
832 3739 883 3796 vol.
897 3763 925 3785 =
941 3743 954 3781 ²
975 3741 1099 3812 Xenoph,
1115 3740 1147 3797 dc
1156 3741 1252 3798 Athen.

133 3867 145 3891 ,
174 3823 286 3900 capell„
302 3841 326 3883 c.
339 3824 368 3897 Ξ,
382 3823 398 3899 5
414 3826 456 3882 l8.
