2684 4508
586 271 744 325 will..

127 473 206 536 llum
229 490 308 557 ergo
337 471 442 538 minus
471 469 677 558 indignamur
699 472 739 540 ab
768 471 985 560 Aristophane
1012 471 1145 551 lacessi;
1178 477 1210 536 rt

126 581 272 668 quamvis
288 582 403 650 comici
426 588 531 669 poctae
552 582 740 671 iniustitiam
765 604 828 652 non
856 604 1033 671 agnoscere
1062 602 1209 671 nequea-

128 714 217 769 mus,
248 693 428 782 gaudemus
453 701 562 764 tamen
606 696 689 784 quod
731 697 908 785 genuinam
940 695 1072 785 tragicae
1108 699 1209 764 Musae

128 805 417 894 pulchritudinum,
436 807 622 895 sophisticis
637 829 725 897 saepe
740 807 901 897 Euripidis
918 808 1116 875 ornamentis
1131 827 1211 874 cor-

128 926 274 1006 ruptam,
294 919 470 988 ulciscitur.

172 1061 205 1123 ln
233 1059 490 1126 hammensium
501 1058 569 1145 J'am
591 1057 711 1126 bellum
726 1057 890 1136 indicitur,
916 1059 974 1127 sed
989 1059 1072 1126 intra
1090 1057 1211 1126 arctis-

128 1171 226 1238 simos
245 1170 402 1238 terminos
431 1170 708 1240 circumscribitur
724 1170 831 1238 adhuc
861 1171 1030 1240 certamini
1055 1190 1207 1259 campus;

129 1287 291 1374 Euripidis
305 1287 391 1354 enim
406 1293 510 1353 mater
524 1286 646 1353 olerum
662 1292 856 1355 mercaturae
869 1285 1017 1363 addicta,
1035 1292 1068 1352 et
1081 1291 1212 1373 tragoe-

128 1400 253 1468 diarum
276 1399 446 1477 subtilitas,
471 1406 504 1467 et
518 1399 662 1488 vulgaria
677 1401 793 1489 quibus
815 1400 861 1468 uti
885 1399 967 1467 solet
981 1397 1212 1466 adeliciendos

129 1516 223 1582 lletus
238 1514 373 1581 artillcia
387 1514 610 1581 tantummodo
625 1514 847 1583 deridentem.
876 1518 911 1582 ln
931 1515 1128 1600 Equitibusl,
1147 1533 1211 1581 uno

129 1651 223 1698 versu
237 1630 424 1719 attingitur3
441 1630 473 1697 in
488 1633 645 1708 Nubibus,
664 1652 763 1720 quom
778 1632 926 1720 publicos
937 1650 1044 1699 mores
1057 1637 1213 1719 arguatur

128 1743 326 1831 ‹corrupisse
359 1740 585 1830 gravissimum
611 1744 678 1831 jam
712 1743 834 1812 crimen
864 1743 1012 1811 sustinet.
1040 1743 1100 1810 llic
1126 1741 1211 1810 enim

130 1853 302 1942 egrediens
326 1855 468 1921 Socratis
493 1853 566 1922 ludo
579 1855 708 1943 juvenis
732 1862 765 1923 et
784 1854 876 1924 noris
894 1853 1074 1942 disciplinis
1089 1853 1213 1940 depra-

131 1975 224 2036 vatus
239 1967 345 2056 turpia
363 1967 523 2056 Euripldis
539 1969 694 2047 carmina,
712 1969 767 2038 ubi
781 1969 889 2037 l'ratris
901 1990 941 2038 ac
958 1968 1079 2037 sororis
1101 1968 1213 2036 incesti

134 2080 361 2148 describuntur
376 2100 515 2160 amores,
543 2082 661 2150 misero
683 2082 767 2171 patri
782 2081 957 2151 decantare
975 2080 1098 2170 gaudet
1114 2105 1121 2150 :
1146 2088 1214 2148 tum

134 2193 277 2282 percitus
293 2193 427 2261 horrore
453 2214 556 2262 senex.
566 2195 753 2284 Euripidem
778 2201 965 2263 exsecratur
979 2200 1012 2262 et
1027 2193 1213 2262 unanimam

134 2307 228 2375 istam
253 2307 472 2394 sophistarum
497 2307 778 2397 recentiorumque
804 2314 974 2396 poetarum
1005 2306 1038 2374 in
1064 2325 1160 2374 senes
1174 2325 1214 2373 ac

133 2422 239 2510 prisca
262 2419 408 2488 instituta
424 2420 680 2510 conjurationem
693 2422 811 2490 chorus
826 2421 973 2510 deplorat
991 2445 997 2489 :
1017 2448 1031 2481 (ι
1052 2419 1112 2489 Ubi
1127 2440 1217 2488 nune

132 2532 329 2611 Simonides
352 2532 407 2600 ubi
430 2532 611 2621 Eschylus,
630 2533 775 2622 insignes
800 2540 906 2621 poetae
921 2537 954 2602 et
967 2531 1095 2600 virtutis
1121 2551 1214 2600 sem-

131 2670 190 2738 per
225 2649 459 2726 amantissimi,
496 2655 528 2716 et
562 2653 611 2716 tot
649 2649 836 2716 salutarium
866 2647 1098 2716 sententiarum
1130 2667 1214 2715 auc-

132 2761 293 2831 torcell»

178 2897 212 2960 ln
240 2891 343 2961 Pocc⁴
367 2892 507 2981 quidem,
524 2892 686 2981 Euripidis
713 2891 859 2960 versibus
885 2891 991 2961 minus
1011 2891 1115 2980 turpis
1139 2903 1214 2959 nola

132 3009 289 3092 inuritur3
321 3015 518 3097 respuuntur
547 3017 656 3079 tamen
693 3015 728 3078 ut
761 3011 936 3097 forensibus·
963 3030 1001 3078 oc
1028 3010 1215 3095 judiciariis

133 3124 345 3190 oratiunculis
365 3123 490 3202 referti,
520 3123 580 3191 illis
606 3123 729 3193 scilicet
754 3143 828 3213 quae
839 3125 893 3213 jus
907 3144 946 3191 oc
963 3122 1011 3191 las
1030 3123 1062 3189 in
1085 3121 1215 3211 judiciis

133 3242 332 3324 pervertunt,
350 3243 383 3304 et
397 3235 576 3305 discordias
588 3237 673 3306 inter
687 3237 774 3306 cives
786 3257 826 3305 ac
840 3236 977 3325 populos
991 3242 1132 3304 movent.

178 3378 212 3442 ln
234 3377 335 3461 Vespis
357 3379 465 3442 autem
480 3373 593 3453 leviter
609 3374 732 3444 ridetur
743 3374 930 3480 ‘Euripideae
949 3379 1025 3445 lnus
1039 3374 1215 3444 miserebi-

134 3488 172 3555 lis
186 3487 343 3576 species⁵.

136 3702 376 3712 -Ἢ

176 3861 183 3890 ¹
205 3861 342 3930 Aristoph,
358 3859 472 3917 Acturo.
486 3904 492 3926 ,
508 3859 636 3916 :int-tta.
652 3889 679 3910 =
702 3863 715 3903 ²
734 3860 781 3927 ld.,
797 3860 898 3934 Equit,
916 3862 958 3918 lll.
986 3875 1014 3897 =
1032 3858 1042 3887 ⁸
1063 3857 1119 3921 ld.,
1136 3857 1215 3923 Nun,

139 3950 208 4006 1377
225 3956 250 4005 et
264 3966 318 4021 sqq.
335 3949 387 4000 =l
409 3950 457 4016 ld.,
484 3950 557 4016 Poe,
575 3948 706 4008 532-53t.
722 3949 773 3991 =⁵
794 3950 840 4017 ld,
870 3949 955 4022 Vesp..
972 3967 995 4005 v.
1014 3947 1179 4008 loll-llll.
