2684 4508
527 234 531 240 ¹
595 215 735 270 —55-

126 412 177 480 uei
201 411 331 478 minime
351 415 460 478 notum
480 411 649 495 habuerit3
667 428 762 480 nemo
787 412 909 482 scilieet
935 413 967 479 in
988 412 1077 482 fures
1101 414 1208 482 aurius

126 524 288 594 invehitur
302 543 398 614 quam
414 524 527 613 siquis
547 525 579 592 in
594 524 670 592 furti
684 525 901 614 suspicionem
922 526 1021 594 venit.
1046 531 1208 596 Caeterum

127 639 318 727 peregrinos
337 639 525 707 inseotando
550 658 614 706 uon
635 638 667 707 id
686 642 880 708 oouseoutus
899 645 949 708 est
963 640 1205 729 Aristophanes,

128 760 165 821 ut
187 773 259 821 sese
286 753 420 822 Athenis
444 758 555 824 natum
580 759 613 821 et
641 753 755 822 Attieis
773 759 879 822 ortum
903 753 1093 843 parentibus
1114 753 1209 844 piane

127 865 335 935 manifestum
357 867 490 935 iheeret.
507 870 577 934 Non
595 867 670 936 Cleo
690 866 776 936 sotus
800 866 890 935 illum
913 866 1123 956 peregrinum
1138 884 1211 936 esse

126 977 208 1045 dixit
222 1001 229 1044 :
247 977 304 1045 sed
319 984 393 1067 post
402 978 501 1047 multa
511 979 608 1046 etiam
619 980 739 1048 saeeula
753 984 862 1048 utrum
871 976 987 1059 Rhodi,
1001 996 1042 1047 an
1052 980 1086 1048 in
1095 979 1211 1068 AEgina

127 1090 298 1168 insulano
317 1091 349 1158 in
365 1087 502 1181 AEgypto
518 1097 612 1162 natus
626 1098 713 1161 esset
724 1092 927 1182 grammatici
942 1088 1142 1161 cerasano.

174 1229 256 1296 Hine
279 1229 342 1296 iata
365 1228 427 1297 illis
452 1230 605 1319 panditur
627 1231 678 1299 via
697 1231 751 1319 qui
774 1230 967 1319 scriptorum
991 1229 1150 1318 originem
1179 1236 1212 1299 et
1250 1263 1253 1266 ⁴

130 1344 215 1410 faeta
232 1341 409 1410 innumeris
429 1344 624 1432 eonjeeturis
639 1343 787 1413 instructi
811 1344 979 1424 rimantur,
1001 1348 1034 1412 et
1047 1344 1212 1433 poetieum

131 1454 297 1523 hominum
316 1456 481 1544 ingenium
496 1477 535 1525 ae
553 1455 594 1525 de
608 1458 706 1526 rebus
720 1457 858 1547 pubiiois
879 1458 1064 1547 opinionem
1086 1477 1126 1526 ex
1139 1458 1213 1545 pri-

129 1572 213 1635 vatee
230 1568 304 1636 viae
326 1567 455 1637 ensibus
477 1569 651 1638 defluxisse
680 1569 891 1638 contendunt.
917 1574 987 1639 Non
1013 1571 1110 1660 plane
1134 1571 1213 1640 eivis

130 1686 202 1747 erat
223 1681 468 1772 Aristophanes,
497 1688 590 1772 patre
609 1684 695 1752 enim
715 1683 765 1751 vel
782 1689 886 1753 matre
907 1683 1079 1773 peregriua
1103 1688 1209 1763 natus,

131 1795 216 1862 inter
225 1813 320 1863 veros
332 1794 419 1862 eires
432 1799 465 1863 et
476 1794 659 1884 inquilinos,
673 1794 765 1884 quasi
774 1794 968 1864 conditionis
978 1811 1047 1864 suae
1057 1797 1210 1874 insertus,
1258 1780 1264 1794 “

131 1907 327 1990 fluctuabat;
347 1907 511 1995 popularis
534 1926 611 1975 vern
634 1906 784 1976 factionis
807 1906 907 1976 duoes
934 1908 966 1976 in
993 1907 1214 1979 examinandis

131 2019 249 2088 civium
260 2017 361 2087 titulis
373 2038 498 2087 summa
512 2019 683 2089 severitate
697 2018 881 2096 utebantur,
899 2038 961 2087 nee
978 2038 1171 2109 quemquam
1181 2020 1214 2088 in

132 2135 219 2202 hune
234 2153 402 2202 numerum
415 2133 540 2202 admitti
553 2134 703 2204 sinebant
714 2133 855 2202 Perieles
867 2139 900 2202 et
917 2135 1003 2213 Cleo,
1021 2135 1082 2203 nisi
1094 2141 1215 2203 utrum·
1246 2154 1249 2159 ·

132 2267 195 2336 que
207 2252 375 2336 parentem
387 2247 492 2316 Attiea
508 2246 679 2316 oriundum
693 2267 765 2316 esse
780 2248 981 2336 probasset².
997 2244 1101 2329 Quum
1116 2247 1215 2337 igitur

131 2361 364 2450 Aristophanes
378 2360 516 2449 publicis
530 2361 628 2430 rebus
646 2362 804 2431 interesse
823 2361 976 2450 gestiret,
994 2360 1135 2430 invidam
1149 2362 1215 2450 ple·

132 2476 309 2544 bieoiarum
323 2475 521 2563 vigilantiam
546 2475 657 2544 fallere
670 2480 803 2544 coaetus
828 2479 878 2543 est
895 2478 929 2542 et
949 2494 967 2541 a
990 2473 1103 2562 primis
1121 2474 1215 2543 annis

133 2589 288 2658 aduersus
302 2609 359 2658 eos
378 2589 532 2659 dimicare
546 2591 658 2679 eoepit.
680 2593 747 2658 lmo
763 2595 797 2659 ut
818 2608 872 2657 res
893 2588 954 2658 sibi
975 2588 1072 2677 plane
1095 2607 1215 2658 suone-

133 2702 236 2780 deret,
255 2701 371 2771 nobilis
392 2702 527 2792 alieuius
546 2703 676 2772 familiae
699 2723 794 2791 opem
817 2702 952 2771 forsitan
974 2702 1156 2791 implorauit
1183 2704 1216 2768 et

134 2816 219 2884 inter
232 2815 404 2905 optimates
418 2816 550 2885 Perieiis
564 2822 596 2884 et
610 2816 737 2887 Cleonis
751 2817 879 2904 legibus
895 2814 1049 2884 adversos
1061 2819 1215 2902 patronos

134 2957 175 3005 ao
186 2931 381 3024 προστάτας
392 2937 503 3025 elegit.
520 2941 600 3031 Quae
611 2936 740 3027 quidem
753 2936 922 3025 ingeniose
935 2935 1049 3024 eoniioi
1065 2938 1211 3022 possunt,

136 3073 198 3121 neo
212 3073 230 3120 a
244 3072 321 3120 vero
335 3051 471 3120 muitum
488 3049 664 3119 abhorrere
681 3055 808 3137 putem3
826 3048 883 3117 sed
905 3046 945 3115 ad
968 3048 1071 3116 solum
1085 3045 1216 3115 Aristo-

136 3166 277 3255 phanem
292 3186 330 3233 ea
345 3165 520 3253 pertinent.
544 3168 626 3232 Num
648 3169 756 3233 autem
770 3183 809 3230 ex
834 3160 948 3230 iisdem
972 3160 1079 3229 eausis
1093 3159 1216 3229 unani-

142 3426 383 3437 ——n———an

175 3635 543 3708 1Suidas,uerboAristoph.
561 3667 591 3675 -
620 3634 703 3691 Schoi.
726 3633 807 3699 Not„
836 3632 865 3688 ed
880 3650 906 3687 v.
922 3631 974 3687 270
997 3638 1023 3686 et
1049 3648 1103 3702 sqq.
1133 3631 1216 3686 Semel

138 3735 223 3782 tamen
238 3725 417 3796 Aristophanes
431 3731 504 3780 uetus
518 3725 543 3780 in
558 3723 703 3795 peregrinos
718 3723 802 3778 odium
816 3721 917 3794 paulum
936 3720 1035 3776 remisit
1047 3718 1175 3791 suasitque
1191 3719 1216 3775 in

138 3813 282 3885 Lysistratus
296 3815 330 3885 (r.
352 3811 482 3880 579-581)
499 3818 526 3867 ut
536 3811 638 3884 benigni
651 3810 757 3866 Athenis
770 3809 882 3880 hospites
894 3808 934 3863 uel
949 3809 1051 3872 μέτοικοι
1065 3805 1157 3881 ciuium
1171 3821 1217 3860 uu-

139 3915 218 3964 mero,
233 3897 306 3952 bellis
321 3897 427 3953 muitum
442 3898 583 3963 imminuto,
600 3897 809 3953 adscriberentur.
822 3893 875 3936 =²
894 3894 962 3950 Plut.
977 3892 1001 3947 in
1016 3889 1125 3958 Pericle,
1137 3904 1158 3948 e.
1172 3892 1215 3947 37.
