2684 4508
549 213 688 266 agn..

68 430 164 478 suum
187 409 393 491 demulsiss03
426 415 494 477 tum
523 411 554 477 in
583 429 714 479 scenam
736 410 876 479 Siculam
899 430 996 479 unam
1022 430 1061 478 ox
1087 432 1151 478 an-

66 523 166 612 tiquis
195 523 289 611 hujus
320 522 428 611 populi
466 522 603 601 fabulis,
644 522 825 592 Palicorum
861 523 984 593 scilieet
1010 527 1151 593 Deorum

67 635 248 714 historiam,
265 638 368 703 AEtnae
384 634 474 703 urbis
488 639 521 703 et
536 635 684 704 llieronis
700 634 847 705 laudibus
862 636 1079 715 commixtam,
1097 636 1153 703 in-

67 750 220 834 duxisse;
246 771 320 820 mox
342 751 488 819 Athenas
507 750 659 821 reducem
682 751 773 822 novis
787 751 830 822 ibi
852 751 1022 840 tragoediis
1036 752 1154 822 civium

67 864 316 934 admirationem
338 865 398 934 sibi
419 865 651 944 conciliavisse,
669 863 774 934 donec
790 864 981 954 quibusdam
999 864 1155 937 molestiis

67 984 104 1047 et
118 978 300 1067 praeserlim
314 984 437 1047 mutato
450 979 589 1048 civitatis
602 984 689 1048 statu
703 979 735 1048 in
757 979 839 1049 iram
853 980 1015 1060 incensus,
1039 980 1154 1070 patriae

67 1111 167 1181 quam
185 1091 341 1181 deinceps
356 1091 416 1162 sibi
432 1092 590 1161 infensam
602 1093 769 1182 judicabat
784 1098 951 1182 aspectum
967 1092 1087 1181 sugerit
1105 1103 1120 1160 ¹.

116 1229 171 1298 llle
189 1236 297 1299 autem
316 1229 495 1318 AEschylus
517 1250 612 1318 quem
634 1230 798 1319 religionis
817 1230 1027 1300 fundamento
1051 1236 1154 1300 totum

68 1343 210 1412 civitatis
246 1343 420 1413 aedilicium
458 1343 626 1431 imponere
663 1344 980 1424 demonstravimus,
1028 1364 1092 1414 non
1129 1346 1156 1414 is

67 1461 142 1525 erat
166 1456 218 1545 qui
237 1455 363 1546 vulgari
390 1456 543 1525 falsorum
567 1458 741 1526 Numinum
762 1458 849 1526 cultu
872 1458 968 1546 plane
985 1464 1160 1529 contentus

69 1575 231 1638 manaret.
261 1573 374 1638 Nonne
408 1570 439 1637 in
477 1573 657 1637 Prometheo
695 1570 870 1638 humanum
912 1571 1055 1640 animum
1092 1570 1157 1641 de-

69 1683 186 1773 pinxit,
206 1704 265 1773 pro
293 1684 428 1752 vetustis
454 1691 487 1752 et
512 1703 596 1772 pene
622 1684 814 1754 informibus
831 1684 909 1762 Diis,
933 1685 1078 1774 juniores
1096 1686 1157 1754 sibi

72 1801 160 1866 Deos
189 1797 377 1884 lingentem,
403 1817 479 1864 mox
504 1797 545 1865 ab
565 1796 626 1864 illis
647 1818 741 1865 novae
764 1804 850 1867 notae
878 1798 1069 1867 Numinibus
1093 1818 1160 1887 op-

69 1929 241 2001 pressum,
279 1919 311 1979 et
339 1911 427 1980 lovis
451 1911 677 1999 sociorumque
695 1913 810 2000 jugum
845 1917 997 1982 excutere
1021 1917 1160 1982 tentan-

69 2030 168 2092 tem‘?
199 2029 292 2093 Hunc
315 2045 392 2093 vero
426 2029 563 2103 lovem,
603 2027 694 2114 cujus
724 2025 889 2115 injustitiae
916 2032 949 2095 et
976 2026 1158 2096 crudelitati

69 2147 141 2206 tam
173 2139 313 2228 superbe
338 2140 552 2208 Prometheus
579 2139 780 2219 insultabat,
821 2141 854 2207 in
890 2140 960 2209 aliis
988 2137 1158 2228 tragoediis

70 2240 305 2342 AEsohylus'ea
334 2254 501 2341 potentia,
530 2275 568 2322 ea
594 2256 762 2343 majestate
783 2259 918 2324 exornat
944 2275 1018 2343 quae
1045 2272 1158 2323 verum

71 2370 177 2435 Deum
202 2365 339 2435 deceant
357 2372 391 2435 et
415 2388 517 2456 prope
538 2369 689 2446 unicum,
721 2388 859 2458 quaeque
887 2368 1016 2439 llomeri
1046 2372 1156 2437 lovem

69 2479 167 2548 valde
201 2480 473 2551 contemnendum
512 2483 664 2552 efficiant.
717 2509 731 2544 o
775 2486 800 2553 Ο
842 2483 988 2572 Jupiter,
1032 2481 1154 2571 inquit,

70 2594 219 2682 quamvis
252 2594 450 2663 voluntatem
481 2600 571 2663 tuam
598 2615 693 2664 nemo
724 2596 860 2665 serutari
896 2595 1020 2685 possit,
1060 2594 1156 2663 etiam

70 2707 268 2776 intenebris
295 2708 345 2775 illa
378 2707 473 2787 lucet,
503 2729 602 2798 quum
630 2710 819 2780 mortalibus
841 2716 928 2778 atras
958 2709 1157 2778 calamitates

70 2819 230 2888 immittis.
266 2821 425 2909 Quidquid
465 2823 578 2890 statuit
614 2823 738 2913 Jupiter
781 2822 974 2892 inevitabilis
1012 2822 1156 2910 potentia

70 2930 209 3020 perlicit,
228 2939 261 3000 et
285 2933 417 3001 consilia
446 2935 516 3023 ejus
538 2954 597 3023 per
624 2935 780 3004 obscuros
817 2936 963 3004 tramites
989 2933 1030 3003 ad
1058 2934 1155 3002 linem

70 3045 277 3135 gradiuntur.
295 3047 441 3135 Superba
457 3068 515 3137 spa
530 3047 647 3137 ‹lojeati
663 3048 783 3117 cadunt
808 3069 889 3138 quos
919 3048 1044 3136 Jupiter
1073 3068 1162 3137 per--

69 3159 150 3227 dere
174 3160 255 3242 vult;
282 3181 344 3228 neo
358 3160 420 3227 ulla
435 3161 484 3229 vis
503 3166 644 3230 Deorum
660 3162 814 3230 ultionem
829 3167 1003 3231 moratur2.
1026 3188 1040 3223 u

118 3300 203 3384 Ergo
214 3296 297 3364 inl'ra
308 3317 468 3366 summum
479 3301 603 3366 Numen
614 3301 698 3367 Deos
711 3298 831 3367 versari
842 3299 962 3387 patitur
972 3298 1150 3388 AEsclrylus,

70 3415 168 3497 atque
182 3410 226 3477 ita
241 3410 290 3478 vel
307 3411 500 3479 levissimam
517 3411 691 3498 impietatis
705 3410 921 3500 suspicionem
934 3412 1023 3502 apud
1038 3413 1154 3500 vulgus

108 3806 112 3834 ¹
129 3805 165 3859 ¹lb
183 3805 230 3859 hue
243 3806 343 3876 quidum
354 3806 478 3861 sententia
499 3823 547 3860 nun
572 3807 690 3862 abborrul
706 3809 831 3863 llurmann
849 3810 872 3864 in
895 3825 1003 3879 asparso,
1022 3816 1039 3861 t.
1059 3808 1098 3873 ll,
1115 3808 1151 3864 lla

70 3892 187 3964 AEocupli
199 3892 320 3949 AElnoia.
337 3908 364 3927 -·-·
381 3896 392 3928 “·’
410 3894 507 3955 lisola,
520 3893 624 3965 Suppl„
641 3913 664 3948 v.
681 3895 776 3950 tlt-uu.
