2684 4508
603 215 758 270 ..137-

140 409 310 478 reductum
326 409 374 487 iri,
391 409 444 497 qui
460 410 652 497 sapientium
664 429 721 478 eos
738 393 899 478 societate*
910 410 1057 479 excolere
1070 411 1217 490 tentavit,

140 521 257 610 quique
271 520 432 590 interdum
450 521 596 611 populari
611 522 739 589 lieentia
757 522 876 600 lessus,
904 524 1057 611 juvenem
1070 521 1221 590 docilem-

140 655 203 723 que
217 641 389 723 tyrannum
408 635 469 703 sibi
493 636 682 723 contingere
700 634 849 723 optavit-r
871 639 938 702 Nec
953 633 1058 703 minus
1075 634 1223 725 admira-

142 769 215 817 mur
240 747 408 816 Platonem
431 748 504 817 ideo
531 747 691 838 indignari
713 748 798 837 quod
829 749 1000 836 Euripides
1022 749 1225 838 tyrannidem

141 874 279 958 dmum
288 873 433 958 potentie
446 889 573 958 aequam
590 868 734 936 nominet
751 864 765 960 (
775 861 914 959 ἰσόθεον)
925 870 948 935 ¹.
966 870 1027 950 Qui
1048 868 1135 937 enim
1153 868 1224 937 lieri

139 988 246 1077 potuit
266 994 302 1056 ut
321 1008 358 1055 ea
380 988 478 1056 verba
502 1008 566 1055 non
592 988 632 1055 ab
656 987 808 1075 Euripide
832 987 913 1076 ipso,
943 987 1000 1055 sed
1025 987 1067 1056 ab
1090 987 1223 1056 Asiatici

141 1101 230 1190 regis
256 1101 351 1170 vidua
379 1100 580 1189 pronuntiari
613 1120 676 1167 non
709 1098 998 1181 animadverteret;
1030 1098 1115 1167 hanc
1148 1118 1223 1167 vero

94 1208 107 1306 J
125 1214 345 1303 ,tyrannidem
361 1234 425 1282 non
440 1235 511 1282 eam
526 1235 598 1282 esse
617 1235 713 1303 quam
737 1214 863 1282 violatis
889 1214 1015 1303 legibus
1038 1213 1224 1281 Pisistratus

118 1328 121 1334 ’
142 1330 354 1417 Dionysiusve
366 1330 609 1417 occupavisset,
630 1328 686 1397 sed
702 1330 842 1397 delatam
863 1328 1002 1417 antiquis
1020 1326 1174 1395 institutis
1193 1331 1226 1393 et

142 1444 294 1513 unanimo
321 1445 515 1531 populorum
540 1464 701 1516 consensu
723 1443 856 1530 regibus
879 1447 1117 1530 potestatem2‘l
1143 1435 1248 1522 Quin

130 1557 251 1646 potius
265 1557 355 1626 Plato
378 1557 570 1626 meminerat
592 1577 689 1647 quam
708 1556 841 1645 egregia
866 1562 899 1625 et
916 1576 1019 1644 prope
1044 1555 1225 1644 Eschylaea

142 1672 409 1760 magnanimitate
423 1671 565 1761 iniquam
581 1672 769 1740 servitutem
791 1671 945 1740 Hercules
959 1671 1011 1738 ille
1031 1677 1174 1759 respuat,
1192 1671 1224 1738 in

142 1785 315 1874 satyricam
334 1784 486 1862 fabulam,
505 1785 556 1853 cui
578 1788 677 1871 Spluo
698 1804 814 1854 nomen
834 1790 914 1862 erat,
940 1784 981 1853 ab
1001 1784 1154 1873 Euripide
1178 1784 1226 1852 in·

143 1898 291 1967 duetus³.

153 2042 155 2047 '
189 2035 407 2105 annitentem
435 2037 524 2104 Plato
539 2037 682 2125 tragicos
699 2057 813 2104 omnes
837 2041 951 2124 poetas
972 2035 1134 2124 tyrannidi
1153 2035 1226 2104 ideo

145 2150 264 2226 lavere,
284 2148 370 2237 quod
390 2146 585 2216 multitudini
607 2147 798 2230 adulentur;
828 2146 1041 2214 multitudinis
1062 2168 1139 2216 vero
1159 2167 1228 2237 po-

145 2267 245 2330 testas
258 2261 447 2350 plerumque
472 2247 674 2349 tyrannidem
698 2261 825 2350 gignat,
852 2261 919 2329 sive
938 2261 1094 2330 adversus
1109 2261 1226 2330 divites

127 2377 272 2463 dmpuro
285 2374 367 2442 duce
386 2373 555 2463 plebecula
570 2375 616 2443 uti
642 2375 762 2463 cupiat,
779 2374 847 2442 sive
866 2374 1017 2463 proprios
1044 2375 1170 2443 lurores
1194 2381 1227 2444 ct

145 2493 253 2562 civiles
273 2492 452 2562 discordias
475 2493 615 2561 violento
640 2493 736 2561 unius
761 2492 901 2563 hominis
928 2492 1111 2582 principatu
1130 2512 1228 2562 eom—

144 2625 291 2694 pescere.
311 2600 441 2693 «Ergo,
467 2605 580 2692 inquit,
603 2605 656 2694 qui
672 2604 759 2693 plebi
780 2605 878 2673 nimia
902 2605 1092 2684 concedunt,
1109 2610 1229 2693 tyran-

144 2718 204 2797 nia,
222 2717 319 2785 idest
338 2717 472 2805 impuris
496 2737 535 2784 ac
549 2716 732 2784 deterrimis
753 2717 858 2804 plebis
871 2718 1009 2786 ducibus
1028 2717 1227 2806 aliquantum

145 2831 274 2899 faveant
288 2850 424 2898 neeesse
441 2836 508 2912 est;
528 2849 621 2896 nemo
646 2829 733 2897 enim
756 2831 860 2918 magis
886 2851 982 2920 quam
996 2836 1155 2919 tyrannus
1169 2831 1228 2896 in-

145 2943 292 3012 timorum
308 2945 341 3010 in
356 2925 540 3032 superiores
555 2943 708 3011 invidiam
723 2948 757 3011 et
771 2944 921 3013 insanum
936 2943 1131 3032 aequalitatis
1143 2942 1228 3010 desi-

145 3059 269 3127 derium
294 3058 402 3146 explet
412 3055 435 3123 ⁴.
466 3083 479 3117 »
519 3056 599 3125 Huic
642 3056 870 3145 vituperationi
905 3056 1046 3145 speciem
1085 3055 1225 3143 aliquam

145 3172 279 3240 subesse
306 3192 368 3238 non
398 3189 571 3257 negamus;
588 3170 618 3236 in
638 3170 687 3238 liis
713 3170 799 3238 enim
827 3192 901 3259 quae
934 3170 1029 3238 modo
1055 3170 1226 3238 citavimus

142 3284 359 3353 aecenrlendae
371 3284 403 3351 in
415 3282 530 3351 divites
544 3284 675 3358 invidiae
689 3285 812 3372 aptiora
829 3286 925 3353 verba
939 3290 1046 3352 notata
1060 3290 1152 3367 sunt;
1166 3284 1223 3353 sed
1335 3349 1337 3355 .

181 3715 189 3751 ¹
208 3696 284 3776 Plau,
300 3711 331 3765 de
343 3711 417 3783 ch.‚
434 3713 461 3767 l.
480 3714 542 3779 Vlll,
555 3713 579 3767 iu
595 3715 652 3769 linc.
664 3717 717 3754 =²
733 3715 817 3785 Eurip.
838 3715 921 3770 Trond
937 3761 942 3781 ,
959 3734 983 3770 v.
1002 3694 1076 3771 lllill.
1092 3741 1124 3761 =
1142 3699 1152 3744 ³
1173 3677 1240 3784 ld„¹

145 3797 346 3956 [nyffiyffi
363 3799 423 3865 ital,
441 3818 455 3854 a
472 3802 561 3870 ll'ngn.
579 3801 618 3855 cd.
640 3800 663 3854 iu
681 3800 744 3857 till.
762 3801 818 3858 llil.
838 3815 866 3836 =
883 3803 894 3831 ⁴
912 3802 990 3858 l'lulo.
1009 3804 1048 3857 Dc
1063 3802 1223 3874 Republica,
