2684 4508
609 186 745 239 ..85-

138 380 293 448 uitiorum
314 381 471 457 laetitiam,
500 380 618 449 liberos
639 401 824 447 sermonum
841 382 934 467 jocos
953 378 1126 447 mlumniis
1146 401 1222 447 ror-

139 499 314 580 mmpuntt'
333 497 446 561 Nonne
466 494 508 560 ilii
531 495 629 559 vitam
651 493 825 560 humanam
840 493 970 560 turbant
991 514 1031 559 aa
1044 493 1220 562 dissolvunt

137 604 342 676 (καταλύουσι
361 606 417 675 τὸν
437 607 594 699 βίονᾘῗι
616 616 664 679 Ne
688 612 822 679 lalelllae
848 610 1047 696 ellychnium
1061 633 1169 693 emas;
1191 613 1218 679 ld

138 728 224 794 enim
240 728 280 793 ad
301 727 504 795 intendenda
525 729 648 794 navalia
670 735 815 815 emplum
831 727 955 794 delator
969 727 1166 815 disputabit3
1183 748 1219 796 ue

25 918 33 934 ,
138 840 322 908 Clialaidioo
337 841 453 927 poculo
469 841 578 909 vinum
591 841 700 921 liibas;
719 839 978 908 chalcidensium
992 840 1082 907 enim
1095 840 1217 908 lidema

136 962 170 1022 tr
194 955 311 1023 tentari
334 957 566 1024 vociferabitur
591 958 678 1025 Cleo.
699 984 711 1015 »
732 961 810 1024 llaeu
831 957 899 1043 jam
918 956 950 1022 in
969 958 1217 1024 Acharrmmidro

139 1070 398 1158 Equitibesque²‚
425 1075 458 1136 el
479 1069 579 1136 multa
602 1069 663 1136 alia
688 1069 871 1137 incaeteris
899 1069 1036 1147 l'abulis;
1060 1070 1095 1136 in
1125 1071 1216 1155 l'rsois

138 1188 247 1250 autem
269 1183 353 1250 inter
371 1183 523 1251 scurriles
542 1182 584 1249 de
606 1182 656 1250 his
674 1181 913 1269 suspicionibus
930 1202 1040 1269 jocos,
1064 1202 1214 1271 generosa

138 1296 257 1363 emieat
269 1296 382 1384 optimi
400 1303 433 1363 et
448 1296 531 1364 bene
545 1295 668 1363 cordati
684 1295 762 1362 aivis
778 1295 824 1361 ira
844 1319 850 1362 :
872 1324 884 1354 ι
904 1297 1035 1372 Omnia,
1051 1297 1212 1372 exclamat,

140 1431 199 1478 nos
220 1410 424 1497 tyrannidem
446 1416 476 1476 el
502 1409 758 1497 conjurationem
781 1429 945 1487 meamus,
968 1430 1027 1477 seu
1049 1411 1153 1498 majus
1166 1431 1214 1478 seu

139 1525 246 1591 minus
260 1522 332 1610 quis
346 1521 439 1588 alioui
454 1521 576 1588 orimen
591 1521 743 1600 intentat;
759 1519 938 1607 tyrannidis
951 1541 1028 1588 sero
1042 1542 1159 1591 nomen
1173 1522 1214 1589 his

139 1637 280 1726 quinque
303 1634 397 1702 annis
419 1654 482 1702 non
504 1633 688 1701 audiveram
712 1658 720 1702 :
742 1653 828 1700 nune
849 1632 1053 1702 salsamentis
1069 1635 1162 1704 vilius
1174 1639 1214 1702 est

141 1755 172 1818 et
188 1769 247 1837 per
264 1753 368 1815 totum
393 1751 496 1815 l'orum
516 1754 667 1834 sagatum
686 1767 772 1813 nuno
791 1744 816 1812 si
836 1746 908 1835 quis
927 1746 1086 1814 innocuus
1100 1746 1215 1815 delira-

141 1863 240 1930 tiores
257 1861 429 1951 pisciculos
447 1860 540 1936 emit,
565 1860 665 1927 torris
683 1859 784 1925 oeulis
802 1858 961 1925 venditrix
975 1880 1050 1926 euru
1070 1861 1213 1928 intuens:

141 1973 366 2062 Tyrannieum,
384 1973 497 2061 inquit,
513 1973 579 2039 olet
591 1978 645 2038 tua
659 1970 793 2038 eulina³.
816 1998 829 2030 i

187 2108 248 2175 Sel
273 2108 457 2196 longaevum
481 2113 513 2174 al
527 2106 711 2174 dornoniam
732 2107 875 2195 judicem
897 2108 1079 2177 audiamus.
1101 2114 1216 2191 Quanta

142 2219 292 2306 superbia
315 2218 509 2287 conditionis
533 2238 601 2285 suae
624 2219 794 2286 commoda
821 2219 995 2307 praediaatt
1021 2225 1122 2290 «Rex
1140 2240 1214 2290 sum.
1241 2282 1244 2288 ,

95 2317 101 2330 ’
143 2333 257 2422 inquit,
279 2340 311 2400 et
335 2332 435 2420 regali
454 2332 609 2420 obsequio
628 2353 681 2399 me
695 2332 805 2400 eolunl
820 2352 949 2415 omnes3
966 2334 1045 2402 milii
1064 2336 1105 2403 ad
1119 2353 1217 2424 genua

142 2447 360 2535 procumbunt
379 2445 485 2512 aerarii
510 2445 611 2522 fures,
630 2451 664 2511 et
680 2466 811 2513 manum
830 2446 932 2514 amioe
953 2453 1129 2536 tangentes
1150 2447 1217 2537 pal·

143 2556 295 2648 pantur⁴.
316 2585 330 2617 ι
349 2558 576 2634 venalitatem,
600 2563 634 2623 ut
655 2557 755 2633 vides,
779 2579 845 2624 non
868 2565 958 2626 notat
974 2560 1215 2650 Aristophanem

139 2672 266 2760 judiees
287 2671 373 2738 enim
395 2677 461 2737 tam
478 2689 668 2738 numerosos
687 2692 765 2737 auro
781 2691 989 2760 eorrumpere
1011 2673 1141 2747 dillioile
1161 2680 1215 2743 est.

143 2788 236 2857 Solus
256 2788 343 2865 Cleo,
360 2788 409 2854 vel
432 2794 581 2874 potentes
605 2788 648 2854 illi
673 2797 829 2865 oratores,
855 2789 908 2876 qui
929 2790 1037 2878 populi
1052 2792 1217 2861 animaset

141 2901 248 2970 aerarii
263 2902 370 2969 olavus
391 2900 524 2968 arbitrio
543 2920 600 2966 suo
623 2901 848 2978 moderantur,
867 2903 1040 2990 pecuniam
1061 2903 1125 2972 illis
1143 2924 1217 2992 pro-

142 3015 281 3091 mittere,
298 3020 331 3082 et
347 3013 483 3102 pecunia
503 3033 559 3079 eos
578 3014 735 3100 promissa
754 3033 869 3100 regere
887 3016 1050 3101 possunt⁵.
1069 3016 1134 3084 Sed
1146 3015 1217 3084 uui-

142 3128 244 3198 versis
258 3127 422 3216 judicibus
442 3127 527 3194 nullo
541 3133 670 3214 sumptu
689 3127 811 3193 adulari
828 3128 971 3195 Tlieorus
986 3135 1018 3195 at
1032 3130 1217 3222 Cleonymus

144 3240 275 3306 mallent:
293 3259 353 3306 nee
368 3239 484 3305 mirum
499 3238 526 3324 si
540 3237 668 3305 llelirea?
686 3246 872 3310 veteranum
885 3239 1137 3321 Pliiloaleonem,
1154 3242 1217 3308 ira-

146 3482 384 3491 ———.——..—-

179 3667 185 3706 Ι
207 3663 241 3717 lle
255 3663 394 3727 llnnoedin,
407 3662 432 3716 in
448 3661 585 3731 praemiis,
598 3663 650 3716 edit
674 3682 687 3715 a
704 3663 812 3723 llubiier,
828 3662 852 3717 in
869 3663 934 3718 Bibl.
950 3664 1006 3720 [lid.
1021 3669 1070 3711 :²
1085 3665 1214 3736 Aristoni„

140 3750 216 3814 dele,
235 3768 257 3804 r.
273 3750 325 3808 uls·
340 3760 365 3805 ot
380 3767 434 3821 sqq.
454 3758 479 3804 el
493 3751 555 3822 l'q..
574 3768 597 3808 v.
614 3754 658 3807 ln.
687 3767 714 3786 =
747 3751 824 3812 'ld.,
852 3751 945 3823 lesu,
976 3771 1000 3806 v.
1034 3756 1163 3810 las-lad.
1187 3772 1215 3800 =

142 3839 149 3864 ⁴
171 3838 218 3897 ld,
259 3838 330 3894 iliid..
350 3856 372 3891 r.
387 3837 439 3892 550
454 3844 477 3891 al
493 3855 546 3909 sqq.
567 3855 594 3874 =
614 3837 625 3875 ὅ
646 3838 693 3900 ld.,
734 3837 805 3901 ilrid.¹
823 3855 848 3891 v.
863 3839 916 3893 sitlli'
931 3848 953 3893 et
970 3857 1024 3910 sqq.
