2684 4508
567 218 708 273 ..85..

93 420 282 502 excerptum
296 430 369 482 esse
385 413 520 482 videtur.
550 415 829 505 sycophantarum
852 416 950 504 igitur
965 423 997 483 ct
1012 437 1129 485 nomen
1144 423 1176 485 et

96 547 212 597 munus
231 549 294 596 uon
317 528 406 619 leges
425 535 632 608 notaverunt,
648 531 706 598 sed
721 531 791 620 ipse
803 531 952 620 populus,
969 533 1022 622 qui
1035 532 1177 623 quotidie

96 644 198 712 malas
215 643 349 711 istorum
364 646 462 719 artes,
480 649 511 711 et
532 648 672 713 structas
688 645 870 714 insontibus
884 646 1027 725 insidias,
1050 654 1083 715 et
1104 647 1178 716 avi-

96 755 173 823 dum
188 754 336 844 pecuniae
350 755 493 824 animum
515 757 695 846 aspiciebat
712 764 746 826 et
759 757 999 846 indignabatur.
1015 762 1177 828 Caeterum

96 868 241 956 legitimo
255 888 295 936 ac
317 886 420 957 prope
435 873 547 937 sancto
564 870 738 938 accusandi
750 872 823 959 jure
843 871 1052 940 abutentibus
1070 891 1178 959 paenae

96 987 252 1074 irrogatae
266 993 360 1054 erant
377 1010 384 1054 :
402 986 452 1055 his
472 989 558 1055 enim
572 984 789 1077 συκοφαντίας
806 983 893 1061 δίκην
909 989 1078 1058 intendere
1091 994 1180 1078 pote·

97 1107 170 1168 rant
187 1100 267 1169 salso
286 1101 476 1180 insimulati,
494 1109 527 1173 et
540 1123 640 1192 quum
654 1104 774 1192 quintae
792 1103 937 1192 judicum
954 1103 1038 1192 parti
1057 1102 1180 1172 crimen

97 1215 237 1302 probare
257 1214 444 1302 nequiverat
461 1220 645 1294 aecusator,
668 1216 754 1285 mille
769 1215 934 1284 drachmis
951 1214 1179 1312 mulctabatur.

97 1333 139 1397 at
152 1328 362 1418 praemiorum
377 1334 411 1396 et
425 1329 504 1398 lucri
517 1349 586 1418 spe,
605 1335 640 1397 ut
653 1329 802 1409 vidimus,
820 1329 926 1419 magis
946 1329 1070 1398 incitari
1085 1328 1181 1398 dela-

97 1449 186 1512 tores
199 1463 296 1531 quam
311 1442 534 1531 castigationis
548 1449 634 1510 metu
649 1443 806 1511 deterreri
821 1443 980 1512 solebant.

141 1603 234 1668 Nunc
259 1605 366 1668 autem
395 1599 434 1667 ad
455 1604 586 1689 poetam
605 1600 786 1676 redeamus,
806 1604 841 1667 ut
865 1574 1063 1666 admiremur
1085 1617 1181 1688 quam

99 1712 212 1781 festive
227 1711 430 1801 popularium
441 1712 604 1802 judicum,
626 1711 711 1800 apud
723 1731 805 1800 quos
824 1710 1034 1799 sycophantae
1056 1715 1182 1778 tantum

97 1826 259 1905 valebant,
276 1825 444 1894 stultitiam
458 1824 651 1915 depinxerit.
668 1828 772 1894 Unum
785 1823 870 1892 inter
883 1843 1007 1902 omnes,
1025 1829 1061 1891 ut
1074 1823 1183 1892 eomi-

98 1959 210 2007 corum
226 1959 297 2007 mos
310 1943 370 2017 est,
388 1938 471 2008 ultra
489 1938 586 2006 etiam
598 1959 695 2027 quam
709 1937 794 2026 quod
810 1936 964 2007 credibile
979 1942 1029 2006 est
1037 1935 1182 2025 judiciali

99 2053 262 2122 dementia
274 2058 458 2141 correptum
467 2053 599 2131 attinnt,
609 2054 678 2142 ejus
688 2057 796 2120 autem
807 2032 948 2141 collegas
957 2051 1183 2139 iisdemprope

101 2165 192 2232 l'uriis
206 2184 373 2243 accensos,
391 2169 425 2233 et
441 2165 640 2249 iracundiam
655 2163 830 2253 facilesque
844 2163 1045 2253 suspiciones
1059 2183 1184 2252 perpe-

100 2285 253 2366 tuamque
274 2276 487 2344 diffidentiam
510 2277 644 2354 aculeis,
672 2295 752 2364 quos
775 2294 947 2365 vesparum
968 2275 1032 2344 ritu
1050 2279 1179 2364 gerunt,

100 2390 293 2459 indicantes.
317 2388 351 2458 ld
373 2390 458 2458 onim
482 2391 587 2459 httieo
607 2389 706 2478 judici
732 2389 863 2457 insitum
884 2394 948 2467 est,
974 2395 1010 2457 ut
1033 2387 1183 2458 omnibus

100 2503 199 2572 rebus
219 2502 468 2592 hominibusque
482 2502 615 2579 diffidat,
634 2508 667 2570 et
683 2520 919 2591 quemcumque
934 2501 1108 2571 arbitratus
1123 2500 1184 2570 erit

100 2617 240 2707 publicae
255 2616 395 2685 libertati
411 2615 565 2694 insidiari,
582 2615 631 2683 vel
654 2616 724 2704 ipsa
744 2615 847 2704 gloria
866 2635 906 2683 ae
928 2614 1046 2683 virtute
1065 2633 1183 2683 nocere

98 2750 211 2820 posse,
229 2730 325 2798 saevis
347 2729 453 2817 poenis
468 2729 598 2796 afficiat,
613 2728 758 2798 Conssato
775 2728 958 2818 praesertim
973 2729 1183 2817 Peloponne-

98 2844 186 2913 siaco
205 2842 290 2912 bello
307 2842 390 2932 quod
404 2841 614 2930 optimatibus
629 2839 800 2929 displicere
814 2858 909 2910 nemo
923 2859 987 2909 non
1001 2840 1179 2920 nesciebat,

99 2959 207 3029 aerius
228 2958 353 3027 fervere
371 2957 573 3044 suspiciones
591 2961 780 3044 eoeperunt;
797 2955 875 3024 nihil
890 2954 951 3024 nisi
965 2953 1182 3043 proditionem

99 3075 133 3140 et
151 3072 264 3140 initam
287 3091 361 3139 curn
383 3071 531 3138 hostibus
550 3070 738 3138 societatem
753 3069 892 3158 populus
913 3066 1090 3147 somniare;
1109 3066 1183 3137 haec

99 3183 272 3252 discordiae
287 3183 410 3251 semina
425 3181 586 3249 delatores
605 3182 714 3249 lovere
736 3185 768 3248 et
787 3179 975 3248 criminibus
990 3176 1183 3267 spargendis

100 3297 209 3365 omnia
227 3296 364 3365 miscere
382 3295 579 3384 gaudebant.
604 3294 694 3376 Quod
714 3292 843 3382 quidem
856 3291 1101 3381 Aristophanes,
1117 3311 1182 3360 non

100 3409 172 3479 sine
190 3409 427 3498 indignatione,
443 3406 584 3488 deridet;
601 3427 662 3475 nec
676 3404 775 3474 semel
789 3411 845 3473 aut
862 3404 894 3472 in
908 3424 971 3474 una
987 3404 1094 3473 fabula
1109 3424 1183 3472 cum

101 3521 301 3592 delatoribus
313 3520 633 3610 eumdigladiantem
648 3518 839 3588 videbimus.
855 3517 888 3588 si
902 3518 999 3597 enim,
1018 3523 1053 3586 ut
1067 3536 1184 3606 gram-

102 3636 211 3704 matici
233 3634 443 3711 contendunt,
459 3634 499 3701 ad
521 3633 731 3703 recreandam
752 3630 1070 3719 confirmandamque
1086 3629 1184 3697 vitam

104 3754 264 3824 oomoedia
288 3760 361 3822 nata
383 3760 433 3823 est
453 3747 626 3840 (συνίστησι
644 3745 699 3817 τὸν
719 3747 815 3840 βίον),
833 3752 908 3841 quid
924 3751 1066 3820 comicus
1081 3750 1185 3839 magis

104 3872 241 3940 invisum
255 3872 374 3939 habeat.
390 3891 485 3958 quam
501 3872 645 3937 tirnestos
660 3869 729 3937 illos
748 3869 1015 3958 quadruplatores
1030 3866 1082 3957 qui
1101 3886 1186 3935 con-
