2684 4508
587 182 741 237 -ltl—

126 362 277 462 eorrupit,
299 375 371 463 quis
393 373 455 441 lroe
478 375 629 443 novitatis
644 375 785 443 studium
808 396 871 442 non
896 381 1075 464 agnosoatl
1101 379 1203 457 Quam

126 489 204 556 lutili
231 509 270 557 ae
294 489 381 577 turpi
407 488 543 578 perfidia
569 490 827 578 Clytaemnestrae
858 490 982 559 eaedem
1014 494 1146 559 Orestes
1173 495 1206 558 et

126 601 250 669 Electra
276 602 474 670 moliunturt
505 605 590 683 Quot
618 601 785 670 mendacia
814 603 846 669 in
882 624 981 672 unum
1007 607 1203 692 eongerunt,

126 735 222 805 quam
235 715 394 804 vulpinas,
417 722 453 784 ut
467 716 511 783 ita
528 715 646 795 dicam,
664 717 800 787 astutias
815 717 954 785 miseent
967 724 1001 786 et
1019 717 1204 805 implieantt

127 834 206 898 llaec
218 849 295 898 vero
310 849 376 898 non
390 836 426 897 ut
445 829 663 918 spectantium
679 819 787 898 mores
812 829 960 898 infreeret
978 830 1101 898 effinxit
1112 831 1208 898 Euri-

126 942 236 1030 pideS,
261 941 318 1009 sed
342 947 378 1009 ut
406 942 525 1010 fabulae
546 961 715 1029 personas,
733 963 814 1010 nova
836 943 927 1031 quasi
948 948 1022 1011 nota
1051 944 1206 1030 signatas,

125 1053 232 1144 magis
246 1053 306 1123 sibi
322 1055 470 1145 proprias
484 1054 647 1122 redderet.

171 1196 206 1260 ln
222 1213 261 1261 eo
282 1193 381 1260 etiam
394 1192 553 1280 peccavit,
575 1193 672 1281 quod,
695 1214 794 1283 quum
815 1196 908 1263 malis
928 1194 1134 1283 cupidinibus
1156 1196 1212 1262 in-

127 1326 244 1376 oensos
266 1304 414 1372 homines
428 1303 561 1392 depingi
584 1311 759 1392 oporteret,
777 1306 901 1395 tragica
917 1326 1015 1375 seena
1030 1326 1102 1374 sese
1117 1307 1213 1375 inoe-

128 1420 206 1488 dere
220 1419 351 1497 oblitus,
367 1412 495 1486 Prodioi
510 1419 694 1486 Soeratisve
716 1418 860 1487 domum·
872 1419 980 1488 subito
1000 1418 1128 1507 ingredi
1151 1419 1212 1487 sibi

128 1534 313 1616 videbatur3
333 1541 403 1601 turn
425 1552 502 1599 vero
526 1551 739 1619 personarum
764 1534 900 1602 alleotus
923 1533 955 1600 in
977 1533 1213 1621 disputationes

125 1647 391 1734 pbilosopbioome
416 1645 594 1714 sententias
623 1644 854 1724 eonvertebat‚
877 1652 910 1713 et
928 1667 984 1714 eas
1009 1645 1108 1713 etiam
1134 1631 1215 1733 quas

129 1759 198 1847 ipse
213 1757 389 1825 damnabat
403 1755 583 1844 opiniones,
605 1757 756 1839 omnibus
775 1757 976 1846 argumentis
997 1758 1124 1825 munire
1138 1764 1214 1824 stu-

129 1875 240 1943 debat.
270 1870 465 1963 Euripideus
499 1892 578 1960 ergo
611 1871 847 1961 Bellerophon,
887 1873 1001 1942 insano
1031 1871 1215 1941 divitiarum

130 2007 241 2055 amore
254 1989 397 2074 eaptus¹,
416 1985 636 2072 sophistarum
647 1985 710 2054 ritu
726 1985 929 2074 splendidam
950 1985 1128 2075 opulentiae
1137 1984 1214 2053 lau-

129 2099 293 2169 dationem
308 2097 556 2187 pronuntiabat;
580 2099 701 2166 Helena
714 2104 834 2177 autem,
850 2120 868 2166 a
882 2099 1028 2168 Menelao
1046 2104 1210 2175 aeousata,

130 2237 229 2306 quum
252 2217 394 2307 perieulo
414 2215 512 2284 vitam
537 2215 720 2284 subdueere
744 2222 927 2291 conaretur,
946 2215 1074 2303 eulpam
1094 2215 1126 2280 in
1143 2217 1215 2282 Ve-

131 2350 253 2420 nerem,
272 2329 395 2397 seilieet
409 2330 442 2394 in
456 2328 608 2396 invictam
622 2328 687 2395 vim
703 2327 833 2405 amoris,
851 2327 1050 2416 rejieiebat².

104 2472 106 2477 ’
174 2475 255 2553 Quae
280 2469 357 2538 dum
376 2469 409 2536 in
429 2489 525 2537 seena
552 2469 746 2558 agebantur,
763 2468 882 2536 multos
906 2468 1070 2536 seniorum
1099 2464 1215 2552 indig-
1285 2464 1288 2469 ’

132 2593 247 2653 nantes
261 2589 369 2672 poetae
383 2582 551 2650 audaciam
566 2581 645 2650 diris
657 2581 826 2651 devovisse
841 2580 981 2649 arbitror
997 2605 1003 2648 :
1025 2607 1038 2641 α
1055 2577 1137 2660 Quid
1153 2577 1213 2646 tibi

130 2698 190 2774 vis,
208 2677 332 2774 insane,
350 2695 503 2763 aiebant?
526 2699 595 2762 Non
622 2694 683 2761 hos
702 2696 839 2781 juvenes
863 2693 1009 2781 respieis
1039 2692 1105 2780 qui,
1132 2691 1214 2757 freni

132 2808 354 2902 impatientes,
375 2807 525 2875 vitiorum
547 2806 788 2875 exeusationem
813 2804 917 2874 avidis
935 2805 1102 2892 exeipiunt
1122 2804 1216 2871 auri-

131 2923 216 2992 bus‘l
240 2925 371 2990 Frustra
398 2926 447 2990 tot
469 2920 704 2989 abominandas
732 2920 910 2988 sententias
937 2920 1007 3008 pari
1032 2919 1215 3007 eloquentia
1307 2905 1308 2908 ¹

134 3036 270 3117 refellis3
288 3055 362 3124 quae
384 3033 484 3103 semel
499 3055 611 3102 eorum
626 3034 800 3102 temeritati
819 3035 968 3112 arrisere,
986 3033 1085 3122 aegris
1100 3032 1217 3101 animis

133 3150 373 3237 inperpetuum
391 3148 528 3215 haerent.
546 3148 647 3228 Quale
662 3148 759 3215 etiam
778 3147 810 3213 in
827 3147 1006 3235 perieulum
1028 3167 1086 3214 nos
1105 3145 1216 3213 addu-

134 3263 195 3336 eis,
220 3262 246 3330 si
277 3261 318 3328 de
342 3262 402 3329 illis
429 3261 645 3348 opinionibus,
677 3282 736 3350 per
760 3281 841 3351 quas
868 3261 1005 3349 privatae
1033 3261 1149 3328 domus
1177 3280 1215 3326 ao

134 3376 281 3443 civitates
308 3374 465 3442 haetenus
500 3379 669 3452 steterunt,
700 3367 840 3443 dubitari
869 3396 908 3442 ae
930 3375 1088 3463 disputari
1119 3393 1216 3464 posse

136 3643 368 3658 ——d

175 3854 183 3894 ¹
205 3856 276 3921 Seni,
294 3855 345 3927 Ep.
361 3856 420 3911 llb.
440 3871 468 3894 =
485 3859 498 3896 ²
518 3856 639 3927 Euripid„
655 3855 747 3931 Trood.
765 3873 788 3911 v.
801 3856 932 3915 948-950.
