2684 4508
587 195 728 249 ..12-

123 396 378 484 llitylenarorum
392 391 529 468 aemulis,
548 398 583 458 ut
596 391 732 458 miseros
747 389 895 476 perderet
908 439 917 467 ,
936 406 1090 455 nummos
1105 406 1207 453 aece-

124 509 222 597 pisse.
238 506 411 595 Mitylenen
424 504 554 593 quidem
568 509 602 571 et
621 504 725 591 ipsam
739 501 974 568 humanitatem
987 497 1107 568 melius
1124 497 1207 567 ultus

86 685 89 689 .
124 627 212 690 esset
224 618 458 707 Aristophanes
470 617 497 686 si
512 616 621 686 Cleoni
635 613 859 683 crudelitatem
875 619 988 700 aperte
1002 611 1205 698 objecissem

125 743 158 802 nt
176 734 306 811 talibus,
326 733 452 821 opinor,
473 731 664 800 criminibus
682 731 713 797 in
740 728 900 798 eomoedia
914 729 1022 797 locum
1043 747 1121 797 esse
1146 748 1208 796 non

122 845 299 936 judicarit;
327 844 399 934 quis
420 844 507 912 enim
530 849 595 911 tam
617 842 739 910 atrocia
764 841 872 908 hilaris
900 846 1052 928 spectare
1080 840 1210 928 possit?

127 963 204 1044 Quis
226 961 397 1031 horrendae
425 961 544 1050 stragis
567 959 708 1048 effigiem
733 964 782 1026 tot
804 958 927 1026 festivis
950 977 1061 1025 rerum
1085 956 1212 1045 imagi-

128 1076 223 1144 nihus
238 1074 445 1144 immisceret

173 1214 219 1278 Ex
232 1210 294 1279 alia
322 1209 467 1300 ejusdcm
485 1215 592 1297 poetae
613 1209 721 1278 lahela
739 1209 890 1277 Cleonem
910 1207 1067 1276 discimus
1090 1207 1214 1296 plebe-

130 1323 213 1391 culae
239 1328 411 1410 patronum
435 1322 467 1388 in
489 1320 625 1409 privatis
637 1319 778 1409 negotiis
804 1319 976 1409 parvisque
1002 1319 1115 1389 litibus
1140 1339 1215 1388 sese

130 1435 312 1525 professum
338 1436 621 1503 esse¹.1n‘llanis
646 1434 752 1511 enirn,
779 1433 895 1521 pistrix
920 1433 1073 1522 quaedam
1099 1433 1215 1501 interis

132 1549 282 1618 habitans
303 1547 431 1617 Cleonis
452 1545 605 1615 auxilium
630 1565 779 1634 quaerere
794 1546 938 1633 lingitur,
962 1551 999 1614 ut
1012 1547 1054 1615 ab
1073 1548 1215 1615 Hercule

133 1666 243 1749 raptas
257 1678 310 1727 res
323 1662 461 1745 repetat.
477 1659 560 1725 Num
572 1676 612 1724 eo
626 1676 760 1725 munere
774 1657 818 1724 ita
841 1657 972 1725 functus
995 1657 1037 1725 sit
1053 1665 1091 1726 ut
1107 1659 1217 1726 minus

133 1791 308 1862 oppressos
321 1770 497 1840 defendere
510 1791 607 1858 quam
621 1790 734 1839 eornm
748 1770 780 1837 in
795 1769 911 1840 divites
927 1770 1081 1839 invidiam
1096 1773 1218 1841 conei-

134 1893 204 1954 tarc
232 1885 319 1955 nullo
348 1885 494 1981 exemplo
525 1884 619 1971 plane
640 1883 891 1961 demonstretur,
918 1890 952 1951 at
970 1883 1092 1952 scimus
1118 1906 1219 1974 quam

136 2000 247 2088 paucis
262 1997 435 2085 contigerit
448 1997 480 2065 id
495 1997 636 2065 officium
654 1994 748 2062 aliter
768 1994 915 2084 implere.
933 2000 1001 2065 Nee
1014 1997 1092 2073 illud
1104 1998 1221 2088 ipsum

136 2112 254 2200 liquet,
280 2130 344 2198 quo
381 2113 477 2197 pacto
505 2108 569 2176 hoc
593 2105 809 2195 palmeinium
836 2107 1003 2197 suscipere
1024 2108 1141 2179 solitus
1161 2111 1218 2179 sit.

136 2230 299 2312 Pauperes
316 2222 453 2290 fortasse
467 2219 656 2310 adjuvabat,
674 2240 736 2308 qua
750 2220 874 2289 ratione
884 2221 939 2309 jus
961 2241 1056 2290 suum
1077 2228 1224 2292 tueren-

136 2349 200 2420 tur,
221 2342 385 2423 ineertos;
413 2340 483 2408 illos
506 2359 625 2427 nempe
643 2339 684 2406 ad
712 2333 877 2428 ἄρχοντας
889 2339 1050 2420 ducebat,
1078 2362 1222 2430 quorum

132 2464 208 2526 'erat
234 2456 337 2524 litium
367 2454 587 2543 cognitionem
619 2453 788 2542 excipere,
818 2454 889 2524 illos
921 2462 1025 2525 totum
1050 2458 1224 2546 negotium

138 2570 274 2638 solerter
286 2574 321 2636 et
339 2567 380 2635 ad
404 2574 511 2635 certas
525 2567 654 2656 regulas
668 2567 830 2637 moderari
855 2568 1017 2652 docebat;
1037 2569 1110 2639 ,illis
1137 2590 1225 2641 ora-

138 2681 298 2751 tiunculas
314 2679 496 2759 scribebat,
526 2699 606 2769 quas
620 2680 682 2768 ipsi
708 2700 818 2749 coram
835 2680 1000 2770 judicibus
1021 2683 1224 2771 pronuntia-

127 2788 221 2874 rent,
240 2793 289 2866 vel
307 2812 462 2862 concessa
476 2791 639 2861 interdum
661 2813 790 2862 reorum
803 2795 917 2863 amicis
930 2794 1083 2864 facultate
1096 2816 1177 2866 usus
1189 2811 1220 2876 ¹,

140 2913 311 2998 postquam
326 2905 370 2974 illi
384 2907 550 2995 propriam
576 2926 707 2974 eausam
736 2913 892 2995 egerant,
909 2928 1013 2996 pauca
1037 2908 1137 2978 verba
1161 2931 1224 2998 pro

141 3022 209 3100 eis,
242 3022 299 3091 sed
315 3041 379 3089 non
394 3020 537 3098 inutilia,
555 3019 704 3088 faciebat.
724 3023 792 3088 Nec
813 3041 887 3089 raro
911 3021 1060 3090 evenisse
1077 3023 1226 3092 credide

141 3136 201 3203 rim
228 3142 263 3203 ut
283 3134 387 3204 illatas
409 3132 608 3222 pauperihus
633 3133 766 3222 injurias
792 3133 1058 3223 obiterquidem,
1076 3135 1134 3204 sed
1156 3157 1224 3205 non

142 3249 212 3315 sine
226 3249 273 3316 ira
290 3246 430 3337 quadam
442 3267 481 3314 ac
495 3246 719 3325 vehementia,
738 3247 770 3316 in
789 3248 874 3340 ipsa,
885 3248 1042 3316 concione
1063 3248 1139 3318 Cleo
1156 3249 1224 3317 de-

140 3362 312 3430 nuntiaret.

174 3604 276 3613 ...ψ-..-
287 3597 410 3608 ...η’-

177 3761 184 3788 ¹
205 3760 340 3830 aristoph,
357 3757 448 3822 nilne,
465 3773 490 3810 r.
507 3755 623 3812 569.=²
643 3754 736 3824 llyper.
751 3766 792 3820 pro
806 3747 928 3818 Lycophr.
941 3745 966 3800 in
981 3746 1041 3799 line.
1056 3743 1116 3798 Vide
1128 3743 1219 3812 ligger.

139 3841 300 3919 disputationi.
320 3849 383 3900 :idn
401 3843 471 3916 opud
483 3841 649 3897 Athenienses
662 3835 788 3894 causidici
803 3834 955 3889 exstiterint.
