2684 4508
582 241 620 256 -
637 213 688 268 113
705 239 742 258 -

124 431 236 478 corrue
250 417 256 478 l
275 414 319 478 lta
332 409 497 498 discipulis
507 408 662 477 adversus
672 409 860 497 popularem
873 429 979 476 mrum
995 414 1113 476 statum
1125 411 1204 477 iram

125 523 344 605 accendebat;
370 524 412 591 ita
441 523 511 590 illos
529 523 569 591 ad
586 522 770 591 violentiam
799 523 989 591 hortabatur
1009 534 1026 590 ¹.
1054 553 1067 585 »
1102 528 1215 616 Quum

126 643 234 712 autem
250 637 440 724 magistrum
455 636 636 723 Xenophon
651 656 806 703 excusare
821 635 946 704 studeat
961 689 968 714 ,
996 638 1207 726 posteriorem

126 748 349 817 tantummodo
365 747 460 836 hujus
475 748 689 816 accusationis
717 753 842 837 partem
872 748 974 818 diluit.
999 779 1012 812 r
1040 752 1208 820 Neminem

128 886 280 956 unquam,
321 865 507 954 respondet,
536 865 576 933 ad
606 864 791 962 uiolentiam
819 867 945 954 impulit
977 871 1150 950 Socrates3
1176 873 1210 936 at

128 985 251 1056 contra,
277 978 489 1067 persuasione
512 977 579 1045 sola
609 977 757 1046 homines
784 979 855 1067 regi
876 979 1030 1048 voluisset
1046 992 1068 1047 Ξ.
1099 1009 1111 1042 u
1140 985 1209 1064 Qua

127 1093 256 1184 quidem
280 1093 469 1162 defensione
494 1091 661 1180 popularis
686 1092 876 1180 reipublicae
899 1093 1041 1162 lautores
1067 1094 1210 1183 contenti
1246 1159 1248 1163 Α

128 1228 277 1276 essenon
290 1213 476 1296 potuerunt.
493 1205 617 1274 Socrati
633 1205 719 1273 enim
733 1205 981 1294 magistratuum
1009 1207 1210 1276 sortitionem

129 1341 244 1410 parum
259 1298 428 1408 probatam
442 1337 514 1385 esse
528 1337 592 1385 non
608 1319 912 1408 negatXenophon;
930 1319 1035 1387 nullos
1044 1339 1121 1386 vero
1136 1319 1211 1387 oui-

129 1454 225 1524 quam
240 1432 386 1502 stimulos
406 1431 445 1499 ad
468 1431 605 1499 nefanda
626 1431 749 1499 scelera
776 1432 863 1500 illum
887 1432 1049 1501 addidisse
1070 1413 1211 1500 conteu-

128 1548 187 1617 dit.
204 1552 366 1616 Caeterum
380 1567 442 1614 vox
453 1544 604 1634 quaedam
617 1543 789 1611 Socratisa
805 1544 950 1633 Diogene
969 1544 1096 1614 Laertio
1116 1564 1212 1612 com-

131 1669 308 1733 memorata
324 1681 516 1730 conoessum
541 1660 701 1728 universis
733 1660 1073 1752 civibusxsullragium
1101 1661 1213 1749 philo·
1255 1718 1257 1722 .

130 1777 234 1866 sopho
250 1783 359 1870 nostro
372 1794 435 1842 non
449 1773 610 1860 placuisse
622 1772 835 1841 demonstrat.
854 1799 867 1834 «
887 1772 999 1860 Populi
1013 1773 1209 1861 opinionem,

131 1890 309 1980 inquiebat,
326 1909 384 1957 our
409 1893 579 1975 tantopere
608 1892 788 1954 curamus?
818 1887 985 1954 Falsorum
1010 1905 1213 1954 nummorum

131 2023 239 2073 nonne
253 2001 323 2070 vilis
337 2006 388 2068 cst
402 2005 564 2068 acervus?
591 2003 648 2066 Tol
669 1999 839 2067 stultorum
864 1999 963 2087 igitur
986 2001 1157 2067 sententiae
1183 2000 1213 2066 in

129 2138 230 2185 unum
240 2102 458 2204 congregatae
480 2113 590 2201 quanti
613 2111 722 2180 valent
738 2117 806 2178 ll»

175 2258 343 2322 Socratem
358 2251 490 2339 insuper
503 2251 640 2319 Meletos
653 2250 761 2339 arguit
773 2250 858 2339 quod
876 2271 989 2319 versus
1005 2251 1076 2320 illos
1085 2253 1216 2320 Homeri

131 2389 235 2459 usque
256 2367 454 2445 decantaret,
481 2365 536 2434 ubi
558 2364 688 2454 Ulysses
711 2365 872 2458 exercitus
897 2365 1028 2434 Achaici
1052 2366 1216 2455 principes

131 2504 207 2554 cum
229 2481 422 2552 verecundia
448 2479 588 2570 quadam
611 2479 772 2568 objurgat,
799 2478 962 2568 plebeium
982 2500 1059 2547 vero
1083 2479 1217 2553 militem

130 2618 248 2687 aspero
263 2599 393 2684 sceptro
408 2593 577 2682 percutit⁴.
590 2592 648 2660 llic
661 2597 781 2669 autem,
794 2598 830 2659 ut
843 2591 944 2680 prius,
957 2591 1138 2680 Xenophon
1153 2611 1216 2658 non

132 2715 233 2800 negat
244 2729 357 2778 versus
370 2729 427 2776 eos
441 2710 607 2775 Socratem
621 2705 758 2773 recitare
772 2705 900 2773 solitum
912 2729 920 2788 3
946 2705 1003 2774 sed
1018 2726 1080 2796 qua
1095 2711 1214 2783 mente,

132 2825 375 2912 interpretatur.
396 2847 409 2882 i
427 2823 528 2902 Quem
545 2823 703 2887 Homerus
716 2817 878 2905 plebeium
896 2817 1061 2887 hominem
1078 2823 1172 2887 vocat
1186 2823 1219 2885 et

132 2942 280 3011 inutilem
306 2933 434 3030 (δήμου
454 2933 571 3029 ἄνδρα,
599 2930 883 3027 οὔτ’ἐναρίθμιον)Ἰ
909 2959 983 3006 eum
1006 2934 1219 3026 philosophus

133 3076 207 3124 esse
221 3055 370 3144 putabat,
389 3056 442 3144 qui
457 3054 613 3143 prodesse
625 3054 749 3142 patriae,
767 3053 879 3143 quovis
894 3053 964 3120 loco
986 3055 1092 3128 natus,
1111 3049 1220 3138 nequi·

136 3173 197 3234 ret.
214 3168 381 3236 Plebeium
402 3186 479 3235 vcro
503 3166 618 3243 civem,
646 3165 718 3233 ideo
741 3167 814 3254 quia
841 3161 987 3252 plebeius
1011 3161 1065 3235 sit,
1089 3162 1220 3259 impune

135 3279 311 3357 verberari,
331 3299 394 3344 non
409 3277 476 3344 vult
500 3280 662 3354 Socrates,
685 3296 747 3343 nec
761 3277 830 3364 ejus
845 3274 967 3342 ordinis
987 3268 1134 3341 hominos
1153 3292 1219 3359 op-

144 3518 375 3532 nau-...fin—

177 3716 184 3756 1
209 3716 336 3786 'llenoph.‚
352 3714 500 3781 duruerat..
528 3715 557 3770 L.
574 3715 593 3779 l,
618 3730 641 3770 e.
663 3712 688 3769 ἱ).
715 3734 743 3755 --
763 3711 838 3778 ²ld.,
877 3712 938 3768 ilrid.
954 3725 982 3747 ²·-
1001 3711 1014 3751 3
1036 3710 1108 3781 lliog.
1126 3710 1221 3769 Laert.

141 3803 170 3858 L.
189 3803 221 3867 11,
237 3802 263 3857 in
278 3801 352 3859 Socr.
368 3815 396 3837 =
419 3800 431 3841 ⁶
453 3802 580 3873 ilcuopt„
597 3801 625 3856 L.
640 3800 657 3870 l,
675 3817 698 3858 e.
717 3800 742 3856 9.
760 3800 807 3855 sub
821 3800 880 3854 linc.
901 3831 932 3841 -
957 3798 1070 3863 Homer,
1086 3793 1128 3861 lt,
1145 3795 1174 3852 L.
1190 3795 1221 3863 ll,

141 3890 310 3949 v.198maoa.

1012 3985 1028 4035 8
