2684 4508
595 173 734 223 -ἴιίὶ,

128 388 215 435 nrum
231 366 349 434 veteris
370 365 538 434 mmurdlae
559 365 600 433 de
624 365 721 434 rebus
740 364 878 453 publicis
904 370 937 433 et
958 364 1105 433 moribus
1127 365 1206 452 ipsis

125 497 319 548 eonsensum
333 485 439 546 ortum
449 498 521 548 esse
534 478 729 548 dixerimus?
738 481 821 546 Num
832 478 973 565 Eupolis,
987 477 1203 566 Phrynichus,

125 590 284 679 tmipsias
297 588 396 660 dubio
409 611 530 680 genere
544 591 622 671 nati,
635 597 670 660 ut
683 590 927 679 Aristophanes,
943 595 976 659 et
990 591 1108 658 incerti
1120 590 1208 658 cives

125 711 243 775 erantt
269 705 325 773 His
352 725 431 793 ergo
457 705 776 795 interpretationibus
799 725 873 796 quae
895 725 936 773 ex
960 705 1056 772 unius
1078 709 1207 772 tantum

126 820 265 890 bominis
279 820 344 888 vita
358 819 517 888 ducantur
529 818 672 888 contenti
688 839 839 888 essenon
858 839 1051 908 possumus3
1067 817 1126 887 sed
1145 817 1208 885 for·

126 933 221 1013 sitan,
236 932 313 1002 dum
331 933 555 1022 Aristophanis
574 933 751 1002 comoedias
771 933 906 1002 scrutari
920 952 1108 1021 pergemus,
1133 951 1208 999 cum

126 1052 317 1116 caeterorum
340 1050 510 1135 poetarum
536 1044 727 1135 fragmentis
758 1050 981 1133 comparatas,
1008 1046 1207 1114 comicorum

126 1178 243 1229 munus
256 1180 294 1228 ac
307 1166 417 1249 partes
431 1158 545 1227 melius
559 1158 653 1227 nobis
665 1157 845 1247 intelligere
860 1158 980 1226 iicebit.

452 1420 472 1508 ᾗ
498 1415 531 1487 3.
551 1458 600 1468 -
622 1423 666 1487 lle
684 1415 880 1511 Equilibns.

170 1659 204 1723 ln
217 1655 470 1724 Acbornensrbno
483 1656 612 1744 quidem
625 1657 868 1726 infestissimum
881 1658 971 1746 pacis
985 1659 1208 1729 adversarium

127 1768 255 1859 oblique
268 1774 393 1839 tantum
409 1776 442 1838 et
455 1769 560 1839 obiter
574 1771 829 1859 praestrinxerat,
856 1778 889 1839 et
908 1752 1051 1861 equitum
1073 1772 1209 1861 populi-

127 1902 190 1971 que
212 1882 292 1951 iram
314 1902 377 1950 uno
396 1888 451 1950 aut
476 1882 576 1952 altero
602 1902 697 1951 versu
722 1882 765 1950 illi
788 1884 927 1951 minatus
951 1889 1042 1952 erat:
1071 1865 1211 1953 durante

128 1999 235 2063 autem
256 1995 340 2064 bello
364 2002 397 2063 et
417 1997 620 2065 increscente
644 1997 770 2066 Cleonis
793 1997 938 2077 audacia,
965 1999 997 2065 in
1026 2017 1101 2066 eum
1123 2003 1211 2067 totas

129 2110 212 2179 vires
226 2110 371 2190 contulit,
388 2112 620 2201 potentissimis
637 2114 706 2202 ejus
718 2112 855 2182 inimicis
868 2113 987 2182 arctius
1004 2113 1207 2182 inhaerendo.

131 2227 164 2291 ln
181 2244 261 2292 nova
277 2223 363 2292 enim
380 2223 487 2293 fabula
509 2245 548 2292 ex
568 2225 728 2314 equitibus
749 2231 898 2293 constare
922 2225 1053 2314 fingitur
1075 2226 1206 2304 chorus

130 2356 190 2404 nec
196 2334 424 2425 jamridiculus
434 2335 486 2406 ille
494 2338 894 2428 strenuorumquidemsed
904 2337 1017 2406 leviter
1025 2338 1211 2426 ineptorum

130 2468 243 2517 senum
260 2452 395 2537 apparet
408 2453 524 2528 coetus,
542 2455 575 2518 at
589 2450 718 2518 tortium
729 2453 894 2540 Juvenum,
912 2450 1101 2538 reipublicae
1123 2456 1212 2520 recte

131 2560 366 2629 consulentium
389 2567 422 2629 et
444 2562 529 2631 bona
554 2562 765 2651 praeditorum
789 2568 914 2646 mente;
940 2583 1076 2651 quorum
1101 2563 1212 2632 laudes

132 2671 164 2739 in
181 2692 278 2741 scena
294 2673 408 2743 crebro
427 2680 613 2762 personant,
630 2674 713 2764 jocis
736 2675 768 2742 in
794 2673 956 2753 Cleonem,
986 2696 1151 2764 nunquam
1178 2677 1212 2744 in

132 2786 219 2875 ipsos
233 2784 435 2865 cadentibus,
453 2786 658 2857 intermixtae.
680 2788 770 2870 Quod
788 2789 946 2876 proeclare
967 2789 1042 2857 olim
1057 2789 1213 2859 adversus

131 2897 243 2970 Medos
255 2898 331 2966 etin
347 2899 528 2968 novissimis
540 2901 661 2988 praellis
674 2900 828 2973 adversus
841 2901 1091 2990 Peloponnesios
1104 2923 1212 2992 gesse·

133 3018 207 3083 runt
221 3013 419 3084 ferventibus
433 3036 472 3083 ae
485 3015 589 3105 plenis
608 3022 708 3087 llarte
731 3018 877 3087 versibus
900 3024 1088 3088 enarrantes
1112 3019 1212 3088 indu-

134 3132 287 3210 cuntur¹;
305 3133 338 3196 et
349 3129 440 3218 quasi
453 3129 571 3198 chorus
583 3131 689 3220 reipsa
702 3152 741 3199 ex
755 3132 916 3220 equitibus
937 3135 1095 3203 oonllatus
1113 3140 1208 3213 essct,

134 3259 207 3309 sese
218 3259 381 3329 nunquam
396 3241 477 3309 alius
491 3249 598 3330 poetae
618 3264 729 3312 versus
747 3245 984 3314 declamaturos
999 3247 1209 3336 profitentur3

134 3356 222 3424 hunc
233 3374 310 3426 vero
324 3360 389 3425 tum
404 3362 570 3426 strenuum
589 3378 673 3437 esse,
688 3363 755 3427 tem
764 3360 842 3449 iusti
856 3360 1046 3440 studiosum,
1064 3368 1130 3430 tam
1144 3363 1211 3430 ini-

135 3478 253 3547 micum
267 3479 385 3558 Cleoni,
401 3485 437 3549 ut
454 3479 486 3550 id
506 3480 534 3548 ei
555 3500 704 3551 recusare
726 3483 816 3550 nefas
838 3482 1040 3551 habuerintl.
1063 3523 1108 3535 -
1130 3477 1212 3557 Τοὺς

172 3840 180 3870 ¹
200 3841 336 3915 tristoplr,
353 3845 454 3919 Equit,
472 3865 495 3904 r.
512 3846 564 3902 595
578 3855 603 3904 el
617 3865 670 3920 sqq.
686 3868 713 3889 =
740 3853 753 3887 '1
772 3849 820 3915 ln,
858 3849 931 3916 iliu,
963 3867 985 3906 v.
1003 3849 1063 3906 510.
