2684 4508
633 216 638 220 -
684 184 733 234 thri
763 211 776 217 -

167 378 331 445 numinaa
352 379 491 467 publicis
517 379 705 448 numinibus
731 380 878 447 distant!
900 380 993 460 Quod
1009 381 1036 447 si
1062 381 1254 448 llomericas

167 493 372 581 tragicasque
391 493 517 560 tabulas
535 499 604 560 uta
622 492 731 561 diuina
744 499 859 562 natura
876 494 1092 562 abhorrentes
1111 493 1254 582 philoso

167 602 252 691 phus
283 605 477 691 respuebat,
501 603 576 692 quid
602 603 643 671 de
671 604 806 672 cornicis
826 609 968 672 Deorum
996 607 1129 695 ineptiis
1150 607 1254 696 flagi-

166 716 283 806 tiisque
290 718 438 806 judicare
456 718 585 805 potuit?
608 721 713 798 Quum
740 737 817 785 vero
844 718 932 805 vulgi
957 719 1150 807 religionem
1169 719 1256 787 ridi-

166 830 245 899 cula
260 831 494 899 comcediarum
516 838 700 898 commenta
724 831 907 901 doctiorum
921 833 1124 920 contemptui
1147 835 1255 917 magis

168 963 208 1010 ac
232 943 336 1031 magis
363 943 559 1029 objicerent,
589 961 666 1010 num
689 941 844 1010 credibile
870 949 942 1011 erat
962 943 1146 1011 istiusmodi
1170 948 1257 1011 Deos

168 1055 255 1144 apud
279 1055 407 1144 plebem
429 1055 533 1142 ipsam
553 1059 712 1142 perpetuo
738 1055 771 1121 i..
791 1054 915 1123 honore
936 1065 969 1124 et
985 1058 1092 1146 gratia
1118 1077 1257 1126 reman-

169 1191 263 1239 suros
277 1196 284 1253 3
315 1191 375 1238 nec
391 1169 563 1260 aliquando
589 1170 622 1237 in
643 1168 773 1238 infimos
788 1169 927 1239 ordines
941 1172 1126 1261 principum
1140 1193 1257 1241 sensus

167 1288 383 1355 descensuros
396 1306 470 1353 csse
486 1292 502 1352 ‘l
524 1285 598 1352 lllns
614 1285 715 1375 igitur
729 1289 816 1354 Deos
830 1306 912 1374 quos
926 1308 944 1353 a
968 1287 1126 1376 sophistis
1142 1288 1256 1356 vindi-

168 1419 243 1467 care
260 1399 387 1466 videtur
402 1397 650 1486 Aristophanes,
672 1417 818 1487 quosque
837 1398 958 1487 populo
977 1420 1042 1467 non
1057 1400 1257 1470 deridendos

169 1511 320 1596 quidem,
345 1511 402 1579 sed
419 1511 619 1580 familiariter
640 1512 809 1580 habendos
828 1511 1020 1601 praebebat‚
1042 1514 1164 1582 invitus
1188 1514 1256 1602 ipse

170 1624 344 1695 labefactat
357 1632 391 1693 et
403 1625 489 1694 omni
508 1626 700 1693 auctoritate
715 1626 814 1693 exuit.

268 1940 286 2034 ξ
313 1938 349 2010 t.
379 1981 427 1993 -
451 1939 496 2011 ln
521 1940 626 2012 Pluto
649 1956 682 2013 cl
706 1939 745 2011 iu
770 1939 956 2012 Mulierum
981 1949 1156 2014 concione.

217 2209 281 2275 Sed
303 2209 342 2277 ad
367 2230 406 2276 ea
432 2230 589 2279 novarum
614 2231 722 2279 rerum
745 2212 869 2280 somnia
886 2213 955 2299 jam
976 2213 1166 2292 veniamus,
1184 2233 1257 2301 quae

173 2320 405 2409 Aristophanes
431 2321 463 2388 in
486 2325 580 2390 Pluto
605 2335 633 2389 et
658 2325 834 2390 Mulierum
860 2326 1005 2390 concione
1029 2326 1255 2413 praestrinxit;

175 2456 256 2522 quas
281 2433 412 2524 quidem
446 2434 571 2504 fabulas
607 2436 720 2514 nohis,
746 2437 779 2503 in
807 2436 870 2504 hoc
900 2436 1028 2507 decimo
1061 2459 1147 2507 nono
1186 2445 1260 2528 post

176 2552 205 2615 J.
230 2551 265 2616 C.
283 2546 410 2624 seculo,
437 2547 630 2635 gravissima
645 2568 753 2615 rerum
768 2550 968 2639 experientia
985 2549 1150 2639 planiores
1165 2551 1260 2620 simul

177 2660 255 2727 lecit
272 2665 306 2726 et
329 2659 429 2728 multo
438 2660 659 2749 jucundiores.
677 2662 759 2743 Quid
774 2663 861 2731 enim
886 2662 918 2729 in
938 2664 1033 2730 Pluto
1053 2662 1256 2752 Chremylus

176 2773 210 2842 in
226 2775 371 2841 conclaue
385 2775 561 2842 Mulierum
575 2779 760 2862 Praxagora
773 2774 959 2852 moliuntur,
973 2774 1059 2863 quod
1076 2775 1162 2842 inter
1176 2776 1260 2844 civi-

178 2884 224 2953 les
237 2890 359 2954 nostrae
387 2886 499 2955 Gallice
514 2886 673 2974 procellas
694 2886 785 2954 multi
808 2907 870 2955 non
900 2887 1117 2966 tentaverint,
1141 2904 1261 2957 suase-

178 2999 312 3067 rintve‘?
339 3001 472 3080 Quoties
486 3020 662 3088 pauperem
677 3000 879 3088 plebeculam
894 3001 1061 3090 proposita
1076 3001 1260 3069 divitiarum

177 3111 379 3199 aequahtate,
394 3112 448 3203 ¹vel
462 3113 679 3180 communium
695 3113 853 3182 bonorum
868 3113 1096 3182 distributione
1110 3116 1262 3183 concita-

180 3232 318 3293 veruntl
349 3229 460 3314 lpsum
483 3224 573 3294 illum
615 3226 746 3294 feminei
774 3246 870 3294 sexus
895 3225 1114 3316 principatum
1155 3248 1263 3296 nonne

181 3337 283 3405 mixta
295 3337 484 3407 mulieribus
509 3360 549 3407 ac
561 3339 641 3406 viris
657 3339 869 3408 conciliabula
886 3340 1102 3429 flagitavere,
1117 3343 1169 3411 vel
1194 3341 1264 3409 sal-

179 3460 247 3518 tem
260 3457 296 3518 ut
309 3450 482 3540 imperium
496 3453 581 3520 inter
593 3460 764 3541 utrumque
782 3473 887 3540 genus
901 3462 1098 3543 aequarctur.
1126 3456 1183 3524 llis
1198 3477 1265 3525 orn·

182 3566 277 3634 nibus
288 3565 363 3655 quid
380 3566 642 3654 respondendum
656 3567 697 3633 sit
711 3587 775 3634 non
796 3565 850 3633 hic
867 3587 927 3634 nos
947 3568 1176 3656 exquiremus‚
1207 3570 1263 3639 sed

181 3680 257 3768 quid
273 3678 477 3768 responderit
493 3678 736 3766 Aristophanes.

231 3838 262 3900 ln
288 3836 382 3901 l'lutn
408 3854 503 3922 quem
539 3855 623 3902 anno
648 3841 723 3901 ante
750 3839 841 3902 J.-u.
873 3839 938 3912 lun
971 3837 1110 3924 primurn
1141 3839 1263 3908 editum
