<?xml version="1.0" encoding="UTF-8"?>
<!DOCTYPE html PUBLIC "-//W3C//DTD XHTML 1.0 Transitional//EN"
    "http://www.w3.org/TR/xhtml1/DTD/xhtml1-transitional.dtd">
<html xmlns="http://www.w3.org/1999/xhtml" xml:lang="en" lang="en">
 <head>
  <title>
</title>
<meta http-equiv="Content-Type" content="text/html;charset=utf-8" />
  <meta name='ocr-system' content='tesseract 3.04.00' />
  <meta name='ocr-capabilities' content='ocr_page ocr_carea ocr_par ocr_line ocrx_word'/>
</head>
<body>
  <div class='ocr_page' id='page_1' title='image "./quaeinatticarep00trgoog_0090.png"; bbox 0 0 2684 4508; ppageno 0'>
   <div class='ocr_carea' id='block_1_1' title="bbox 538 198 679 252">
    <p class='ocr_par' dir='ltr' id='par_1_1' title="bbox 538 198 679 252">
     <span class='ocr_line' id='line_1_1' title="bbox 538 198 679 252; baseline 0 -16"><span class='ocrx_word' id='word_1_1' title='bbox 538 198 679 252; x_wconf 58' lang='lat' dir='ltr'>„w-</span> 
     </span>
    </p>
   </div>
   <div class='ocr_carea' id='block_1_2' title="bbox 65 391 1147 690">
    <p class='ocr_par' dir='ltr' id='par_1_2' title="bbox 65 391 1147 690">
     <span class='ocr_line' id='line_1_2' title="bbox 65 391 1147 482; baseline -0.001 -20"><span class='ocrx_word' id='word_1_2' title='bbox 65 393 240 462; x_wconf 91' lang='lat' dir='ltr'>damuatus</span> <span class='ocrx_word' id='word_1_3' title='bbox 257 398 324 462; x_wconf 84' lang='lat' dir='ltr'>est¹</span> <span class='ocrx_word' id='word_1_4' title='bbox 346 400 352 460; x_wconf 89' lang='lat' dir='ltr'>l</span> <span class='ocrx_word' id='word_1_5' title='bbox 384 396 637 481; x_wconf 89' lang='lat' dir='ltr'>Nonnumquam·</span> <span class='ocrx_word' id='word_1_6' title='bbox 653 392 750 460; x_wconf 89' lang='lat' dir='ltr'>etiam</span> <span class='ocrx_word' id='word_1_7' title='bbox 772 393 961 480; x_wconf 84' lang='lat' dir='ltr'>designatus</span> <span class='ocrx_word' id='word_1_8' title='bbox 984 391 1147 482; x_wconf 78' lang='lat' dir='ltr'>&#39;suffragiis</span> 
     </span>
     <span class='ocr_line' id='line_1_3' title="bbox 65 503 1147 595; baseline -0.002 -19"><span class='ocrx_word' id='word_1_9' title='bbox 65 509 118 576; x_wconf 85' lang='lat' dir='ltr'>vel</span> <span class='ocrx_word' id='word_1_10' title='bbox 144 513 232 576; x_wconf 92' lang='lat' dir='ltr'>sorte</span> <span class='ocrx_word' id='word_1_11' title='bbox 257 506 465 595; x_wconf 80' lang='lat' dir='ltr'><strong>magistratus</strong></span> <span class='ocrx_word' id='word_1_12' title='bbox 488 524 506 571; x_wconf 93' lang='lat' dir='ltr'>a</span> <span class='ocrx_word' id='word_1_13' title='bbox 529 503 691 593; x_wconf 89' lang='lat' dir='ltr'>judicibus</span> <span class='ocrx_word' id='word_1_14' title='bbox 725 505 767 573; x_wconf 91' lang='lat' dir='ltr'>cb</span> <span class='ocrx_word' id='word_1_15' title='bbox 794 504 1017 593; x_wconf 82' lang='lat' dir='ltr'>indignitatem</span> <span class='ocrx_word' id='word_1_16' title='bbox 1044 508 1147 595; x_wconf 84' lang='lat' dir='ltr'>gradu</span> 
     </span>
     <span class='ocr_line' id='line_1_4' title="bbox 65 620 371 690; baseline -0.01 -1"><span class='ocrx_word' id='word_1_17' title='bbox 65 620 259 690; x_wconf 80' lang='lat' dir='ltr'>deturbatus</span> <span class='ocrx_word' id='word_1_18' title='bbox 278 620 371 687; x_wconf 77' lang='lat' dir='ltr'>est²l</span> 
     </span>
    </p>
   </div>
   <div class='ocr_carea' id='block_1_3' title="bbox 61 749 1178 2080">
    <p class='ocr_par' dir='ltr' id='par_1_3' title="bbox 61 749 1178 2080">
     <span class='ocr_line' id='line_1_5' title="bbox 111 749 1147 848; baseline -0.002 -20"><span class='ocrx_word' id='word_1_19' title='bbox 111 797 157 810; x_wconf 95' lang='lat'>-</span> <span class='ocrx_word' id='word_1_20' title='bbox 173 759 221 828; x_wconf 77' lang='lat' dir='ltr'>Ad</span> <span class='ocrx_word' id='word_1_21' title='bbox 236 759 311 828; x_wconf 88' lang='lat' dir='ltr'>baec</span> <span class='ocrx_word' id='word_1_22' title='bbox 321 759 555 848; x_wconf 73' lang='lat' dir='ltr'>Aristophanes</span> <span class='ocrx_word' id='word_1_23' title='bbox 571 783 578 828; x_wconf 91' lang='lat'>:</span> <span class='ocrx_word' id='word_1_24' title='bbox 596 760 629 827; x_wconf 89' lang='lat' dir='ltr'>Si</span> <span class='ocrx_word' id='word_1_25' title='bbox 649 760 814 848; x_wconf 92' lang='lat' dir='ltr'>popularis</span> <span class='ocrx_word' id='word_1_26' title='bbox 829 758 1011 848; x_wconf 79' lang='lat' dir='ltr'>respublica</span> <span class='ocrx_word' id='word_1_27' title='bbox 1024 749 1147 827; x_wconf 87' lang='lat' dir='ltr'>tantam</span> 
     </span>
     <span class='ocr_line' id='line_1_6' title="bbox 61 871 1145 962; baseline -0.003 -20"><span class='ocrx_word' id='word_1_28' title='bbox 61 873 261 962; x_wconf 83' lang='lat' dir='ltr'>judiciorum</span> <span class='ocrx_word' id='word_1_29' title='bbox 279 873 405 961; x_wconf 94' lang='lat' dir='ltr'>copiam</span> <span class='ocrx_word' id='word_1_30' title='bbox 422 877 609 961; x_wconf 88' lang='lat' dir='ltr'>tantamque</span> <span class='ocrx_word' id='word_1_31' title='bbox 628 872 773 962; x_wconf 73' lang='lat' dir='ltr'>iudicum</span> <span class='ocrx_word' id='word_1_32' title='bbox 794 872 972 961; x_wconf 89' lang='lat' dir='ltr'>potentiam</span> <span class='ocrx_word' id='word_1_33' title='bbox 997 871 1145 960; x_wconf 84' lang='lat' dir='ltr'>flagitat,</span> 
     </span>
     <span class='ocr_line' id='line_1_7' title="bbox 66 989 1149 1079; baseline -0.002 -21"><span class='ocrx_word' id='word_1_34' title='bbox 66 1011 109 1058; x_wconf 91' lang='lat' dir='ltr'>eo</span> <span class='ocrx_word' id='word_1_35' title='bbox 126 990 231 1079; x_wconf 86' lang='lat' dir='ltr'>magis</span> <span class='ocrx_word' id='word_1_36' title='bbox 246 989 346 1058; x_wconf 85' lang='lat' dir='ltr'>refert</span> <span class='ocrx_word' id='word_1_37' title='bbox 358 990 513 1079; x_wconf 90' lang='lat' dir='ltr'>populum</span> <span class='ocrx_word' id='word_1_38' title='bbox 528 989 694 1059; x_wconf 80' lang='lat' dir='ltr'>admoneri</span> <span class='ocrx_word' id='word_1_39' title='bbox 715 990 841 1078; x_wconf 88' lang='lat' dir='ltr'>quoties</span> <span class='ocrx_word' id='word_1_40' title='bbox 860 996 894 1057; x_wconf 91' lang='lat' dir='ltr'>et</span> <span class='ocrx_word' id='word_1_41' title='bbox 912 995 995 1078; x_wconf 65' lang='lat' dir='ltr'>quot&gt;</span> <span class='ocrx_word' id='word_1_42' title='bbox 1009 989 1149 1057; x_wconf 92' lang='lat' dir='ltr'>rationi-</span> 
     </span>
     <span class='ocr_line' id='line_1_8' title="bbox 65 1090 1149 1191; baseline -0.003 -20"><span class='ocrx_word' id='word_1_43' title='bbox 65 1104 130 1171; x_wconf 89' lang='lat' dir='ltr'>bus</span> <span class='ocrx_word' id='word_1_44' title='bbox 145 1102 340 1170; x_wconf 85' lang='lat' dir='ltr'>haecomnia</span> <span class='ocrx_word' id='word_1_45' title='bbox 359 1101 492 1171; x_wconf 92' lang='lat' dir='ltr'>ridicula</span> <span class='ocrx_word' id='word_1_46' title='bbox 512 1103 580 1170; x_wconf 86' lang='lat' dir='ltr'>lieri</span> <span class='ocrx_word' id='word_1_47' title='bbox 599 1103 737 1191; x_wconf 85' lang='lat' dir='ltr'>possint.</span> <span class='ocrx_word' id='word_1_48' title='bbox 758 1104 792 1169; x_wconf 94' lang='lat' dir='ltr'>lu</span> <span class='ocrx_word' id='word_1_49' title='bbox 810 1090 1042 1190; x_wconf 84' lang='lat' dir='ltr'>Spartanorum</span> <span class='ocrx_word' id='word_1_50' title='bbox 1064 1101 1149 1169; x_wconf 86' lang='lat' dir='ltr'>civi-</span> 
     </span>
     <span class='ocr_line' id='line_1_9' title="bbox 66 1215 1149 1304; baseline -0.002 -19"><span class='ocrx_word' id='word_1_51' title='bbox 66 1223 137 1285; x_wconf 88' lang='lat' dir='ltr'>tate</span> <span class='ocrx_word' id='word_1_52' title='bbox 152 1237 209 1304; x_wconf 92' lang='lat' dir='ltr'>per</span> <span class='ocrx_word' id='word_1_53' title='bbox 229 1216 359 1304; x_wconf 84' lang='lat' dir='ltr'>longam</span> <span class='ocrx_word' id='word_1_54' title='bbox 373 1235 530 1285; x_wconf 91' lang='lat' dir='ltr'>annorum</span> <span class='ocrx_word' id='word_1_55' title='bbox 548 1216 665 1285; x_wconf 88' lang='lat' dir='ltr'>seriem</span> <span class='ocrx_word' id='word_1_56' title='bbox 684 1215 821 1303; x_wconf 88' lang='lat' dir='ltr'>spectati</span> <span class='ocrx_word' id='word_1_57' title='bbox 836 1235 932 1284; x_wconf 91' lang='lat' dir='ltr'>senes</span> <span class='ocrx_word' id='word_1_58' title='bbox 945 1215 986 1284; x_wconf 93' lang='lat' dir='ltr'>ad</span> <span class='ocrx_word' id='word_1_59' title='bbox 1002 1215 1149 1303; x_wconf 90' lang='lat' dir='ltr'>ephoro-</span> 
     </span>
     <span class='ocr_line' id='line_1_10' title="bbox 67 1330 1178 1420; baseline -0.005 -22"><span class='ocrx_word' id='word_1_60' title='bbox 67 1351 142 1399; x_wconf 92' lang='lat' dir='ltr'>rum</span> <span class='ocrx_word' id='word_1_61' title='bbox 161 1337 411 1420; x_wconf 77' lang='lat' dir='ltr'>senatorumque</span> <span class='ocrx_word' id='word_1_62' title='bbox 436 1330 628 1418; x_wconf 87' lang='lat' dir='ltr'>dignitatem</span> <span class='ocrx_word' id='word_1_63' title='bbox 656 1331 854 1408; x_wconf 90' lang='lat' dir='ltr'>evehuntur,</span> <span class='ocrx_word' id='word_1_64' title='bbox 884 1331 1050 1419; x_wconf 91' lang='lat' dir='ltr'>multaque</span> <span class='ocrx_word' id='word_1_65' title='bbox 1076 1350 1148 1397; x_wconf 93' lang='lat' dir='ltr'>cum</span> <span class='ocrx_word' id='word_1_66' title='bbox 1176 1387 1178 1391; x_wconf 78' lang='grc'>,</span> 
     </span>
     <span class='ocr_line' id='line_1_11' title="bbox 68 1442 1150 1532; baseline 0.001 -22"><span class='ocrx_word' id='word_1_67' title='bbox 68 1443 203 1532; x_wconf 85' lang='lat' dir='ltr'>regibus</span> <span class='ocrx_word' id='word_1_68' title='bbox 216 1442 405 1519; x_wconf 91' lang='lat' dir='ltr'>decernunt,</span> <span class='ocrx_word' id='word_1_69' title='bbox 415 1443 502 1511; x_wconf 93' lang='lat' dir='ltr'>nullo</span> <span class='ocrx_word' id='word_1_70' title='bbox 512 1443 622 1531; x_wconf 93' lang='lat' dir='ltr'>populi</span> <span class='ocrx_word' id='word_1_71' title='bbox 635 1443 745 1512; x_wconf 87' lang='lat' dir='ltr'>habito</span> <span class='ocrx_word' id='word_1_72' title='bbox 757 1443 904 1524; x_wconf 89' lang='lat' dir='ltr'>coneilio,</span> <span class='ocrx_word' id='word_1_73' title='bbox 913 1442 1000 1511; x_wconf 93' lang='lat' dir='ltr'>nullo</span> <span class='ocrx_word' id='word_1_74' title='bbox 1010 1442 1150 1511; x_wconf 83' lang='lat' dir='ltr'>tumultu</span> 
     </span>
     <span class='ocr_line' id='line_1_12' title="bbox 67 1556 1151 1645; baseline -0.001 -22"><span class='ocrx_word' id='word_1_75' title='bbox 67 1556 156 1645; x_wconf 94' lang='lat' dir='ltr'>apud</span> <span class='ocrx_word' id='word_1_76' title='bbox 182 1556 365 1644; x_wconf 90' lang='lat' dir='ltr'>imperitam</span> <span class='ocrx_word' id='word_1_77' title='bbox 385 1556 622 1625; x_wconf 87' lang='lat' dir='ltr'>multitudinem</span> <span class='ocrx_word' id='word_1_78' title='bbox 638 1557 788 1625; x_wconf 87' lang='lat' dir='ltr'>excitato.</span> <span class='ocrx_word' id='word_1_79' title='bbox 814 1558 846 1625; x_wconf 90' lang='lat' dir='ltr'>Si</span> <span class='ocrx_word' id='word_1_80' title='bbox 872 1556 1029 1625; x_wconf 89' lang='lat' dir='ltr'>libertatis</span> <span class='ocrx_word' id='word_1_81' title='bbox 1043 1575 1151 1624; x_wconf 88' lang='lat' dir='ltr'>aman·</span> 
     </span>
     <span class='ocr_line' id='line_1_13' title="bbox 67 1669 1149 1759; baseline 0.001 -23"><span class='ocrx_word' id='word_1_82' title='bbox 67 1671 169 1738; x_wconf 90' lang='lat' dir='ltr'>tiores</span> <span class='ocrx_word' id='word_1_83' title='bbox 195 1670 330 1739; x_wconf 78' lang='lat' dir='ltr'>Athenae</span> <span class='ocrx_word' id='word_1_84' title='bbox 363 1670 439 1738; x_wconf 91' lang='lat' dir='ltr'>talia</span> <span class='ocrx_word' id='word_1_85' title='bbox 465 1671 549 1739; x_wconf 85' lang='lat' dir='ltr'>ferre</span> <span class='ocrx_word' id='word_1_86' title='bbox 575 1675 757 1759; x_wconf 88' lang='lat' dir='ltr'>nequeunt,</span> <span class='ocrx_word' id='word_1_87' title='bbox 790 1671 860 1739; x_wconf 91' lang='lat' dir='ltr'>illos</span> <span class='ocrx_word' id='word_1_88' title='bbox 886 1671 1000 1739; x_wconf 88' lang='lat' dir='ltr'>saltem</span> <span class='ocrx_word' id='word_1_89' title='bbox 1023 1669 1149 1759; x_wconf 84' lang='lat' dir='ltr'>judices</span> 
     </span>
     <span class='ocr_line' id='line_1_14' title="bbox 67 1782 1147 1873; baseline 0.003 -25"><span class='ocrx_word' id='word_1_90' title='bbox 67 1789 182 1850; x_wconf 81' lang='lat' dir='ltr'>creent</span> <span class='ocrx_word' id='word_1_91' title='bbox 206 1784 259 1871; x_wconf 93' lang='lat' dir='ltr'>qui</span> <span class='ocrx_word' id='word_1_92' title='bbox 285 1804 350 1851; x_wconf 94' lang='lat' dir='ltr'>non</span> <span class='ocrx_word' id='word_1_93' title='bbox 367 1804 385 1851; x_wconf 94' lang='lat' dir='ltr'>e</span> <span class='ocrx_word' id='word_1_94' title='bbox 400 1782 632 1871; x_wconf 89' lang='lat' dir='ltr'>plebicolarum</span> <span class='ocrx_word' id='word_1_95' title='bbox 656 1787 734 1850; x_wconf 91' lang='lat' dir='ltr'>nutu</span> <span class='ocrx_word' id='word_1_96' title='bbox 757 1782 938 1870; x_wconf 89' lang='lat' dir='ltr'>pendeant,</span> <span class='ocrx_word' id='word_1_97' title='bbox 956 1784 1010 1873; x_wconf 92' lang='lat' dir='ltr'>qui</span> <span class='ocrx_word' id='word_1_98' title='bbox 1037 1785 1147 1873; x_wconf 93' lang='lat' dir='ltr'>populi</span> 
     </span>
     <span class='ocr_line' id='line_1_15' title="bbox 67 1888 1147 1988; baseline 0.004 -24"><span class='ocrx_word' id='word_1_99' title='bbox 67 1898 185 1966; x_wconf 88' lang='lat' dir='ltr'>studiis</span> <span class='ocrx_word' id='word_1_100' title='bbox 199 1919 239 1966; x_wconf 92' lang='lat' dir='ltr'>ae</span> <span class='ocrx_word' id='word_1_101' title='bbox 252 1898 477 1988; x_wconf 84' lang='lat' dir='ltr'>cupidinibus,</span> <span class='ocrx_word' id='word_1_102' title='bbox 496 1898 558 1987; x_wconf 91' lang='lat' dir='ltr'>ipsi</span> <span class='ocrx_word' id='word_1_103' title='bbox 572 1898 765 1966; x_wconf 86' lang='lat' dir='ltr'>temeritatis</span> <span class='ocrx_word' id='word_1_104' title='bbox 779 1904 950 1988; x_wconf 83' lang='lat' dir='ltr'>expertes,</span> <span class='ocrx_word' id='word_1_105' title='bbox 968 1888 1147 1969; x_wconf 87' lang='lat' dir='ltr'>obsistant:</span> 
     </span>
     <span class='ocr_line' id='line_1_16' title="bbox 66 2009 885 2080; baseline 0.004 -4"><span class='ocrx_word' id='word_1_106' title='bbox 66 2016 138 2077; x_wconf 90' lang='lat' dir='ltr'>tum</span> <span class='ocrx_word' id='word_1_107' title='bbox 153 2010 284 2079; x_wconf 87' lang='lat' dir='ltr'>demum</span> <span class='ocrx_word' id='word_1_108' title='bbox 298 2010 421 2079; x_wconf 74' lang='lat' dir='ltr'>Atticos</span> <span class='ocrx_word' id='word_1_109' title='bbox 436 2009 588 2079; x_wconf 91' lang='lat' dir='ltr'>beliastas</span> <span class='ocrx_word' id='word_1_110' title='bbox 604 2010 710 2079; x_wconf 92' lang='lat' dir='ltr'>ridere</span> <span class='ocrx_word' id='word_1_111' title='bbox 726 2011 885 2080; x_wconf 91' lang='lat' dir='ltr'>desinam.</span> 
     </span>
    </p>
   </div>
   <div class='ocr_carea' id='block_1_4' title="bbox 65 2148 1239 2915">
    <p class='ocr_par' dir='ltr' id='par_1_4' title="bbox 65 2148 1239 2915">
     <span class='ocr_line' id='line_1_17' title="bbox 114 2148 1149 2238; baseline 0.003 -23"><span class='ocrx_word' id='word_1_112' title='bbox 114 2150 276 2215; x_wconf 76' lang='lat' dir='ltr'>Caeterum</span> <span class='ocrx_word' id='word_1_113' title='bbox 299 2148 532 2236; x_wconf 75' lang='lat' dir='ltr'>Aristophanes</span> <span class='ocrx_word' id='word_1_114' title='bbox 556 2169 620 2216; x_wconf 94' lang='lat' dir='ltr'>non</span> <span class='ocrx_word' id='word_1_115' title='bbox 644 2149 676 2216; x_wconf 94' lang='lat' dir='ltr'>iu</span> <span class='ocrx_word' id='word_1_116' title='bbox 703 2151 804 2236; x_wconf 83' lang='lat' dir='ltr'>Vespis</span> <span class='ocrx_word' id='word_1_117' title='bbox 821 2154 946 2217; x_wconf 89' lang='lat' dir='ltr'>lantum</span> <span class='ocrx_word' id='word_1_118' title='bbox 963 2149 1149 2238; x_wconf 86' lang='lat' dir='ltr'>judicialem</span> 
     </span>
     <span class='ocr_line' id='line_1_18' title="bbox 66 2261 1150 2350; baseline 0.002 -21"><span class='ocrx_word' id='word_1_119' title='bbox 66 2261 220 2332; x_wconf 88' lang='lat' dir='ltr'>morbum</span> <span class='ocrx_word' id='word_1_120' title='bbox 242 2261 427 2349; x_wconf 91' lang='lat' dir='ltr'>increpuit;</span> <span class='ocrx_word' id='word_1_121' title='bbox 456 2281 564 2328; x_wconf 89' lang='lat' dir='ltr'>nonne</span> <span class='ocrx_word' id='word_1_122' title='bbox 589 2261 621 2328; x_wconf 94' lang='lat' dir='ltr'>in</span> <span class='ocrx_word' id='word_1_123' title='bbox 647 2262 768 2329; x_wconf 79' lang='lat' dir='ltr'>Acium</span> <span class='ocrx_word' id='word_1_124' title='bbox 793 2261 953 2350; x_wconf 91' lang='lat' dir='ltr'>principio</span> <span class='ocrx_word' id='word_1_125' title='bbox 978 2262 1150 2350; x_wconf 86' lang='lat' dir='ltr'>quemdam</span> 
     </span>
     <span class='ocr_line' id='line_1_19' title="bbox 65 2372 1239 2464; baseline 0 -21"><span class='ocrx_word' id='word_1_126' title='bbox 65 2372 192 2443; x_wconf 92' lang='lat' dir='ltr'>inducit</span> <span class='ocrx_word' id='word_1_127' title='bbox 212 2373 417 2462; x_wconf 82' lang='lat' dir='ltr'>profitentem</span> <span class='ocrx_word' id='word_1_128' title='bbox 439 2393 485 2452; x_wconf 90' lang='lat' dir='ltr'>se,</span> <span class='ocrx_word' id='word_1_129' title='bbox 502 2374 576 2462; x_wconf 92' lang='lat' dir='ltr'>quia</span> <span class='ocrx_word' id='word_1_130' title='bbox 595 2373 762 2463; x_wconf 90' lang='lat' dir='ltr'>perpetuis</span> <span class='ocrx_word' id='word_1_131' title='bbox 785 2374 894 2444; x_wconf 90' lang='lat' dir='ltr'>litibus</span> <span class='ocrx_word' id='word_1_132' title='bbox 914 2374 1058 2464; x_wconf 91' lang='lat' dir='ltr'>quotidie</span> <span class='ocrx_word' id='word_1_133' title='bbox 1082 2376 1150 2443; x_wconf 90' lang='lat' dir='ltr'>im·</span> <span class='ocrx_word' id='word_1_134' title='bbox 1237 2421 1239 2427; x_wconf 88' lang='lat'>-</span> 
     </span>
     <span class='ocr_line' id='line_1_20' title="bbox 66 2486 1150 2577; baseline 0.001 -22"><span class='ocrx_word' id='word_1_135' title='bbox 66 2487 217 2575; x_wconf 92' lang='lat' dir='ltr'>plicetur,</span> <span class='ocrx_word' id='word_1_136' title='bbox 239 2487 382 2556; x_wconf 81' lang='lat' dir='ltr'>Athenas</span> <span class='ocrx_word' id='word_1_137' title='bbox 407 2486 593 2556; x_wconf 72' lang='lat' dir='ltr'>desereret.</span> <span class='ocrx_word' id='word_1_138' title='bbox 632 2487 722 2570; x_wconf 80' lang='lat' dir='ltr'>Quod</span> <span class='ocrx_word' id='word_1_139' title='bbox 747 2488 774 2557; x_wconf 92' lang='lat' dir='ltr'>si</span> <span class='ocrx_word' id='word_1_140' title='bbox 800 2488 957 2577; x_wconf 86' lang='lat' dir='ltr'>ejusmodi</span> <span class='ocrx_word' id='word_1_141' title='bbox 984 2487 1072 2557; x_wconf 89' lang='lat' dir='ltr'>vitio</span> <span class='ocrx_word' id='word_1_142' title='bbox 1086 2509 1150 2557; x_wconf 90' lang='lat' dir='ltr'>non</span> 
     </span>
     <span class='ocr_line' id='line_1_21' title="bbox 65 2599 1151 2688; baseline 0.003 -21"><span class='ocrx_word' id='word_1_143' title='bbox 65 2599 176 2688; x_wconf 87' lang='lat' dir='ltr'>reipsa</span> <span class='ocrx_word' id='word_1_144' title='bbox 190 2600 391 2669; x_wconf 89' lang='lat' dir='ltr'>laborassent</span> <span class='ocrx_word' id='word_1_145' title='bbox 404 2600 541 2668; x_wconf 73' lang='lat' dir='ltr'>Athenae</span> <span class='ocrx_word' id='word_1_146' title='bbox 555 2653 563 2679; x_wconf 94' lang='lat'><strong><em>,</em></strong></span> <span class='ocrx_word' id='word_1_147' title='bbox 586 2620 663 2668; x_wconf 94' lang='lat' dir='ltr'>num</span> <span class='ocrx_word' id='word_1_148' title='bbox 678 2621 750 2669; x_wconf 92' lang='lat' dir='ltr'>eam</span> <span class='ocrx_word' id='word_1_149' title='bbox 764 2621 877 2669; x_wconf 90' lang='lat' dir='ltr'>vocem</span> <span class='ocrx_word' id='word_1_150' title='bbox 890 2601 1038 2671; x_wconf 89' lang='lat' dir='ltr'>emittere</span> <span class='ocrx_word' id='word_1_151' title='bbox 1048 2622 1151 2670; x_wconf 89' lang='lat' dir='ltr'>ausos</span> 
     </span>
     <span class='ocr_line' id='line_1_22' title="bbox 65 2712 1148 2802; baseline 0.001 -19"><span class='ocrx_word' id='word_1_152' title='bbox 65 2718 184 2783; x_wconf 74' lang='lat' dir='ltr'>esset?</span> <span class='ocrx_word' id='word_1_153' title='bbox 201 2713 280 2794; x_wconf 84' lang='lat' dir='ltr'>Quis</span> <span class='ocrx_word' id='word_1_154' title='bbox 294 2712 379 2802; x_wconf 92' lang='lat' dir='ltr'>apud</span> <span class='ocrx_word' id='word_1_155' title='bbox 395 2733 454 2782; x_wconf 89' lang='lat' dir='ltr'>nos</span> <span class='ocrx_word' id='word_1_156' title='bbox 477 2732 650 2801; x_wconf 89' lang='lat' dir='ltr'>personam</span> <span class='ocrx_word' id='word_1_157' title='bbox 672 2714 829 2782; x_wconf 91' lang='lat' dir='ltr'>comicam</span> <span class='ocrx_word' id='word_1_158' title='bbox 845 2713 945 2783; x_wconf 79' lang='lat' dir='ltr'>terret</span> <span class='ocrx_word' id='word_1_159' title='bbox 960 2714 1123 2784; x_wconf 87' lang='lat' dir='ltr'>dicentem</span> <span class='ocrx_word' id='word_1_160' title='bbox 1141 2740 1148 2784; x_wconf 92' lang='lat'>:</span> 
     </span>
     <span class='ocr_line' id='line_1_23' title="bbox 67 2825 1152 2915; baseline 0.005 -27"><span class='ocrx_word' id='word_1_161' title='bbox 67 2853 82 2888; x_wconf 72' lang='lat' dir='ltr'>a</span> <span class='ocrx_word' id='word_1_162' title='bbox 98 2826 224 2895; x_wconf 87' lang='lat' dir='ltr'>Lutetia</span> <span class='ocrx_word' id='word_1_163' title='bbox 238 2846 334 2905; x_wconf 84' lang='lat' dir='ltr'>exeo,</span> <span class='ocrx_word' id='word_1_164' title='bbox 350 2827 424 2915; x_wconf 88' lang='lat' dir='ltr'>quia</span> <span class='ocrx_word' id='word_1_165' title='bbox 439 2825 548 2895; x_wconf 90' lang='lat' dir='ltr'>litibus</span> <span class='ocrx_word' id='word_1_166' title='bbox 561 2831 595 2894; x_wconf 90' lang='lat' dir='ltr'>et</span> <span class='ocrx_word' id='word_1_167' title='bbox 609 2825 779 2895; x_wconf 90' lang='lat' dir='ltr'>calumniis</span> <span class='ocrx_word' id='word_1_168' title='bbox 793 2829 918 2895; x_wconf 85' lang='lat' dir='ltr'>Lutetia</span> <span class='ocrx_word' id='word_1_169' title='bbox 931 2828 1027 2895; x_wconf 92' lang='lat' dir='ltr'>nimis</span> <span class='ocrx_word' id='word_1_170' title='bbox 1040 2827 1152 2895; x_wconf 92' lang='lat' dir='ltr'>abun-</span> 
     </span>
    </p>
   </div>
   <div class='ocr_carea' id='block_1_5' title="bbox 66 2942 1147 3038">
    <p class='ocr_par' dir='ltr' id='par_1_5' title="bbox 66 2942 1147 3038">
     <span class='ocr_line' id='line_1_24' title="bbox 66 2942 1147 3038; baseline 0 -27"><span class='ocrx_word' id='word_1_171' title='bbox 66 2943 145 3012; x_wconf 90' lang='lat' dir='ltr'>datl</span> <span class='ocrx_word' id='word_1_172' title='bbox 164 2970 177 3005; x_wconf 70' lang='lat' dir='ltr'>a</span> <span class='ocrx_word' id='word_1_173' title='bbox 203 2944 329 3038; x_wconf 83' lang='lat' dir='ltr'>Scimus</span> <span class='ocrx_word' id='word_1_174' title='bbox 343 2964 460 3033; x_wconf 90' lang='lat' dir='ltr'>nempe</span> <span class='ocrx_word' id='word_1_175' title='bbox 480 2944 513 3011; x_wconf 93' lang='lat' dir='ltr'>in</span> <span class='ocrx_word' id='word_1_176' title='bbox 531 2943 596 3011; x_wconf 91' lang='lat' dir='ltr'>bac</span> <span class='ocrx_word' id='word_1_177' title='bbox 605 2944 686 3013; x_wconf 92' lang='lat' dir='ltr'>urbe</span> <span class='ocrx_word' id='word_1_178' title='bbox 703 2943 773 3011; x_wconf 88' lang='lat' dir='ltr'>sine</span> <span class='ocrx_word' id='word_1_179' title='bbox 787 2943 897 3013; x_wconf 92' lang='lat' dir='ltr'>litibus</span> <span class='ocrx_word' id='word_1_180' title='bbox 908 2942 1060 3030; x_wconf 80' lang='lat' dir='ltr'>facillime</span> <span class='ocrx_word' id='word_1_181' title='bbox 1072 2945 1147 3013; x_wconf 87' lang='lat' dir='ltr'>vivi.</span> 
     </span>
    </p>
   </div>
   <div class='ocr_carea' id='block_1_6' title="bbox 63 3081 1150 3413">
    <p class='ocr_par' dir='ltr' id='par_1_6' title="bbox 63 3081 1150 3413">
     <span class='ocr_line' id='line_1_25' title="bbox 113 3081 1149 3180; baseline -0.002 -28"><span class='ocrx_word' id='word_1_182' title='bbox 113 3082 326 3152; x_wconf 87' lang='lat' dir='ltr'>Consentiunt</span> <span class='ocrx_word' id='word_1_183' title='bbox 346 3088 507 3171; x_wconf 83' lang='lat' dir='ltr'>praeterea</span> <span class='ocrx_word' id='word_1_184' title='bbox 521 3082 553 3149; x_wconf 94' lang='lat' dir='ltr'>in</span> <span class='ocrx_word' id='word_1_185' title='bbox 573 3081 776 3180; x_wconf 76' lang='lat' dir='ltr'>exagitandis</span> <span class='ocrx_word' id='word_1_186' title='bbox 790 3082 989 3151; x_wconf 87' lang='lat' dir='ltr'>delatoribus</span> <span class='ocrx_word' id='word_1_187' title='bbox 1003 3102 1042 3150; x_wconf 91' lang='lat' dir='ltr'>ac</span> <span class='ocrx_word' id='word_1_188' title='bbox 1054 3103 1149 3170; x_wconf 79' lang='lat' dir='ltr'>speo-</span> 
     </span>
     <span class='ocr_line' id='line_1_26' title="bbox 63 3195 1150 3286; baseline -0.002 -22"><span class='ocrx_word' id='word_1_189' title='bbox 63 3199 197 3286; x_wconf 84' lang='lat' dir='ltr'>pbualis</span> <span class='ocrx_word' id='word_1_190' title='bbox 210 3196 261 3264; x_wconf 91' lang='lat' dir='ltr'>vel</span> <span class='ocrx_word' id='word_1_191' title='bbox 279 3196 447 3265; x_wconf 87' lang='lat' dir='ltr'>clarissimi</span> <span class='ocrx_word' id='word_1_192' title='bbox 461 3195 567 3284; x_wconf 91' lang='lat' dir='ltr'>plebis</span> <span class='ocrx_word' id='word_1_193' title='bbox 581 3196 735 3263; x_wconf 87' lang='lat' dir='ltr'>lautores.</span> <span class='ocrx_word' id='word_1_194' title='bbox 753 3195 864 3284; x_wconf 84' lang='lat' dir='ltr'>Lysias</span> <span class='ocrx_word' id='word_1_195' title='bbox 885 3195 954 3273; x_wconf 90' lang='lat' dir='ltr'>ille,</span> <span class='ocrx_word' id='word_1_196' title='bbox 981 3195 1034 3283; x_wconf 92' lang='lat' dir='ltr'>qui</span> <span class='ocrx_word' id='word_1_197' title='bbox 1054 3195 1150 3263; x_wconf 86' lang='lat' dir='ltr'>Thra·</span> 
     </span>
     <span class='ocr_line' id='line_1_27' title="bbox 67 3307 1148 3413; baseline -0.002 -35"><span class='ocrx_word' id='word_1_198' title='bbox 67 3310 217 3398; x_wconf 81' lang='lat' dir='ltr'>sybulum</span> <span class='ocrx_word' id='word_1_199' title='bbox 250 3311 283 3378; x_wconf 95' lang='lat' dir='ltr'>in</span> <span class='ocrx_word' id='word_1_200' title='bbox 311 3309 508 3413; x_wconf 83' lang='lat' dir='ltr'>expellendis</span> <span class='ocrx_word' id='word_1_201' title='bbox 534 3309 666 3398; x_wconf 83' lang='lat' dir='ltr'>triginta</span> <span class='ocrx_word' id='word_1_202' title='bbox 695 3307 772 3378; x_wconf 85' lang='lat' dir='ltr'>viris</span> <span class='ocrx_word' id='word_1_203' title='bbox 796 3308 937 3397; x_wconf 82' lang='lat' dir='ltr'>adjuvit,</span> <span class='ocrx_word' id='word_1_204' title='bbox 977 3328 1036 3399; x_wconf 90' lang='lat' dir='ltr'>per</span> <span class='ocrx_word' id='word_1_205' title='bbox 1063 3309 1148 3378; x_wconf 89' lang='lat' dir='ltr'>istud</span> 
     </span>
    </p>
   </div>
   <div class='ocr_carea' id='block_1_7' title="bbox 63 3690 1142 3926">
    <p class='ocr_par' dir='ltr' id='par_1_7' title="bbox 63 3690 1142 3926">
     <span class='ocr_line' id='line_1_28' title="bbox 104 3690 1142 3762; baseline -0.001 -14"><span class='ocrx_word' id='word_1_206' title='bbox 104 3690 1142 3762; x_wconf 41' lang='lat' dir='ltr'>*Qm,wlmmmffimlmmmmwmmfflwmm</span> 
     </span>
     <span class='ocr_line' id='line_1_29' title="bbox 63 3779 1141 3853; baseline 0 -16"><span class='ocrx_word' id='word_1_207' title='bbox 63 3779 1141 3853; x_wconf 53' lang='lat' dir='ltr'>mmmwmwmmmmm=²mmd=mmm„m,</span> 
     </span>
     <span class='ocr_line' id='line_1_30' title="bbox 64 3870 150 3926; baseline 0.012 -1"><span class='ocrx_word' id='word_1_208' title='bbox 64 3870 150 3926; x_wconf 59' lang='lat' dir='ltr'>mm</span> 
     </span>
    </p>
   </div>
   <div class='ocr_carea' id='block_1_8' title="bbox 0 0 1347 4508">
    <p class='ocr_par' dir='ltr' id='par_1_8' title="bbox 0 0 1347 4508">
     <span class='ocr_line' id='line_1_31' title="bbox 0 0 1347 4508; baseline 0 0"><span class='ocrx_word' id='word_1_209' title='bbox 0 0 1347 4508; x_wconf 95' lang='lat' dir='ltr'> </span> 
     </span>
    </p>
   </div>
  </div>
 </body>
</html>
