<?xml version="1.0" encoding="UTF-8"?>
<!DOCTYPE html PUBLIC "-//W3C//DTD XHTML 1.0 Transitional//EN"
    "http://www.w3.org/TR/xhtml1/DTD/xhtml1-transitional.dtd">
<html xmlns="http://www.w3.org/1999/xhtml" xml:lang="en" lang="en">
 <head>
  <title>
</title>
<meta http-equiv="Content-Type" content="text/html;charset=utf-8" />
  <meta name='ocr-system' content='tesseract 3.04.00' />
  <meta name='ocr-capabilities' content='ocr_page ocr_carea ocr_par ocr_line ocrx_word'/>
</head>
<body>
  <div class='ocr_page' id='page_1' title='image "./quaeinatticarep00trgoog_0198.png"; bbox 0 0 2684 4508; ppageno 0'>
   <div class='ocr_carea' id='block_1_1' title="bbox 570 179 728 233">
    <p class='ocr_par' dir='ltr' id='par_1_1' title="bbox 570 179 728 233">
     <span class='ocr_line' id='line_1_1' title="bbox 570 179 728 233; baseline -0.019 0"><span class='ocrx_word' id='word_1_1' title='bbox 570 179 728 233; x_wconf 75' lang='lat'>-185-</span> 
     </span>
    </p>
   </div>
   <div class='ocr_carea' id='block_1_2' title="bbox 105 373 1273 2170">
    <p class='ocr_par' dir='ltr' id='par_1_2' title="bbox 105 373 1273 2170">
     <span class='ocr_line' id='line_1_2' title="bbox 110 373 1184 464; baseline -0.001 -20"><span class='ocrx_word' id='word_1_2' title='bbox 110 398 181 444; x_wconf 93' lang='lat' dir='ltr'>rum</span> <span class='ocrx_word' id='word_1_3' title='bbox 208 382 347 445; x_wconf 80' lang='lat' dir='ltr'>Deorum</span> <span class='ocrx_word' id='word_1_4' title='bbox 378 373 507 443; x_wconf 78' lang='lat' dir='ltr'>Triballi</span> <span class='ocrx_word' id='word_1_5' title='bbox 539 374 719 442; x_wconf 86' lang='lat' dir='ltr'>Sabaziive&#39;</span> <span class='ocrx_word' id='word_1_6' title='bbox 748 374 954 464; x_wconf 83' lang='lat' dir='ltr'>adjunctione</span> <span class='ocrx_word' id='word_1_7' title='bbox 978 379 1184 461; x_wconf 87' lang='lat' dir='ltr'>corruptam,</span> 
     </span>
     <span class='ocr_line' id='line_1_3' title="bbox 110 486 1189 577; baseline -0.005 -20"><span class='ocrx_word' id='word_1_8' title='bbox 110 490 205 559; x_wconf 89' lang='lat' dir='ltr'>nullis</span> <span class='ocrx_word' id='word_1_9' title='bbox 222 488 449 558; x_wconf 69' lang='lat' dir='ltr'>labefactatam</span> <span class='ocrx_word' id='word_1_10' title='bbox 467 487 733 577; x_wconf 90' lang='lat' dir='ltr'>pbilosophorum</span> <span class='ocrx_word' id='word_1_11' title='bbox 754 486 901 576; x_wconf 84' lang='lat' dir='ltr'>argutiis.</span> <span class='ocrx_word' id='word_1_12' title='bbox 925 490 1008 554; x_wconf 92' lang='lat' dir='ltr'>Num</span> <span class='ocrx_word' id='word_1_13' title='bbox 1021 505 1098 553; x_wconf 92' lang='lat' dir='ltr'>vero</span> <span class='ocrx_word' id='word_1_14' title='bbox 1115 486 1189 553; x_wconf 90' lang='lat' dir='ltr'>inde</span> 
     </span>
     <span class='ocr_line' id='line_1_4' title="bbox 110 599 1273 692; baseline -0.008 -18"><span class='ocrx_word' id='word_1_15' title='bbox 110 603 300 692; x_wconf 83' lang='lat' dir='ltr'>colligemus</span> <span class='ocrx_word' id='word_1_16' title='bbox 325 621 364 670; x_wconf 82' lang='lat' dir='ltr'>ex</span> <span class='ocrx_word' id='word_1_17' title='bbox 379 601 430 669; x_wconf 91' lang='lat' dir='ltr'>bis</span> <span class='ocrx_word' id='word_1_18' title='bbox 443 600 669 690; x_wconf 77' lang='lat' dir='ltr'><strong>Aristophanis</strong></span> <span class='ocrx_word' id='word_1_19' title='bbox 693 601 954 689; x_wconf 83' lang='lat' dir='ltr'>comicorumque</span> <span class='ocrx_word' id='word_1_20' title='bbox 969 599 1053 688; x_wconf 73' lang='lat' dir='ltr'>iocis</span> <span class='ocrx_word' id='word_1_21' title='bbox 1067 599 1190 666; x_wconf 91' lang='lat' dir='ltr'>nullum</span> <span class='ocrx_word' id='word_1_22' title='bbox 1267 615 1273 627; x_wconf 83' lang='lat'><em>&#39;</em></span> 
     </span>
     <span class='ocr_line' id='line_1_5' title="bbox 109 712 1192 808; baseline -0.006 -21"><span class='ocrx_word' id='word_1_23' title='bbox 109 718 257 808; x_wconf 91' lang='lat' dir='ltr'>populari</span> <span class='ocrx_word' id='word_1_24' title='bbox 279 717 427 806; x_wconf 75' lang='lat' dir='ltr'>religioni</span> <span class='ocrx_word' id='word_1_25' title='bbox 445 716 624 805; x_wconf 88' lang='lat' dir='ltr'>periculum</span> <span class='ocrx_word' id='word_1_26' title='bbox 645 715 836 784; x_wconf 71' lang='lat' dir='ltr'>exstitisse?</span> <span class='ocrx_word' id='word_1_27' title='bbox 856 717 922 783; x_wconf 93' lang='lat' dir='ltr'>lmo</span> <span class='ocrx_word' id='word_1_28' title='bbox 945 712 1107 802; x_wconf 81' lang='lat' dir='ltr'>Euripidis</span> <span class='ocrx_word' id='word_1_29' title='bbox 1125 715 1192 780; x_wconf 85' lang='lat' dir='ltr'>So-&#39;</span> 
     </span>
     <span class='ocr_line' id='line_1_6' title="bbox 109 825 1192 919; baseline -0.006 -21"><span class='ocrx_word' id='word_1_30' title='bbox 109 829 271 919; x_wconf 83' lang='lat' dir='ltr'>eratisque</span> <span class='ocrx_word' id='word_1_31' title='bbox 284 836 317 898; x_wconf 95' lang='lat' dir='ltr'>et</span> <span class='ocrx_word' id='word_1_32' title='bbox 326 829 593 918; x_wconf 89' lang='lat' dir='ltr'>pbilosophorum</span> <span class='ocrx_word' id='word_1_33' title='bbox 609 835 744 898; x_wconf 90' lang='lat' dir='ltr'>conatus</span> <span class='ocrx_word' id='word_1_34' title='bbox 763 826 996 897; x_wconf 87' lang='lat' dir='ltr'>comoediarum</span> <span class='ocrx_word' id='word_1_35' title='bbox 1015 825 1192 915; x_wconf 86' lang='lat' dir='ltr'>scriptores</span> 
     </span>
     <span class='ocr_line' id='line_1_7' title="bbox 109 942 1192 1034; baseline -0.004 -22"><span class='ocrx_word' id='word_1_36' title='bbox 109 944 203 1013; x_wconf 91' lang='lat' dir='ltr'>inscii</span> <span class='ocrx_word' id='word_1_37' title='bbox 217 944 371 1033; x_wconf 79' lang='lat' dir='ltr'>invitique</span> <span class='ocrx_word' id='word_1_38' title='bbox 385 943 589 1034; x_wconf 83' lang='lat' dir='ltr'>adjuverunt.</span> <span class='ocrx_word' id='word_1_39' title='bbox 608 944 641 1011; x_wconf 87' lang='lat' dir='ltr'>Si</span> <span class='ocrx_word' id='word_1_40' title='bbox 658 965 719 1032; x_wconf 88' lang='lat' dir='ltr'>qua</span> <span class='ocrx_word' id='word_1_41' title='bbox 736 943 822 1013; x_wconf 92' lang='lat' dir='ltr'>enim</span> <span class='ocrx_word' id='word_1_42' title='bbox 842 944 1020 1033; x_wconf 92' lang='lat' dir='ltr'>primorum</span> <span class='ocrx_word' id='word_1_43' title='bbox 1042 942 1192 1010; x_wconf 79' lang='lat' dir='ltr'>ordinum</span> 
     </span>
     <span class='ocr_line' id='line_1_8' title="bbox 105 1051 1193 1149; baseline -0.007 -23"><span class='ocrx_word' id='word_1_44' title='bbox 105 1057 280 1149; x_wconf 75' lang='lat' dir='ltr'>iuvenibus</span> <span class='ocrx_word' id='word_1_45' title='bbox 291 1077 370 1147; x_wconf 83' lang='lat' dir='ltr'>erga</span> <span class='ocrx_word' id='word_1_46' title='bbox 392 1056 514 1146; x_wconf 87' lang='lat' dir='ltr'>patrios</span> <span class='ocrx_word' id='word_1_47' title='bbox 536 1061 621 1125; x_wconf 90' lang='lat' dir='ltr'>Deos</span> <span class='ocrx_word' id='word_1_48' title='bbox 636 1057 816 1126; x_wconf 89' lang='lat' dir='ltr'>reverentia</span> <span class='ocrx_word' id='word_1_49' title='bbox 832 1061 1016 1144; x_wconf 77' lang='lat' dir='ltr'>supererat,</span> <span class='ocrx_word' id='word_1_50' title='bbox 1046 1051 1193 1121; x_wconf 93' lang='lat' dir='ltr'>numini-</span> 
     </span>
     <span class='ocr_line' id='line_1_9' title="bbox 110 1167 1194 1261; baseline -0.006 -20"><span class='ocrx_word' id='word_1_51' title='bbox 110 1173 260 1249; x_wconf 84' lang='lat' dir='ltr'>bustam-</span> <span class='ocrx_word' id='word_1_52' title='bbox 277 1171 455 1240; x_wconf 77' lang='lat' dir='ltr'>scurriliter</span> <span class='ocrx_word' id='word_1_53' title='bbox 475 1171 613 1261; x_wconf 87' lang='lat' dir='ltr'>depictis</span> <span class='ocrx_word' id='word_1_54' title='bbox 637 1172 755 1240; x_wconf 87' lang='lat' dir='ltr'>indies</span> <span class='ocrx_word' id='word_1_55' title='bbox 779 1169 1044 1238; x_wconf 80' lang='lat' dir='ltr'>imminuebatur.</span> <span class='ocrx_word' id='word_1_56' title='bbox 1068 1167 1194 1236; x_wconf 86' lang='lat' dir='ltr'>Gravis·</span> 
     </span>
     <span class='ocr_line' id='line_1_10' title="bbox 111 1282 1195 1376; baseline -0.004 -21"><span class='ocrx_word' id='word_1_57' title='bbox 111 1287 193 1355; x_wconf 86' lang='lat' dir='ltr'>sima</span> <span class='ocrx_word' id='word_1_58' title='bbox 207 1285 337 1376; x_wconf 88' lang='lat' dir='ltr'>quidem</span> <span class='ocrx_word' id='word_1_59' title='bbox 350 1288 519 1376; x_wconf 86' lang='lat' dir='ltr'>majestate</span> <span class='ocrx_word' id='word_1_60' title='bbox 531 1286 701 1376; x_wconf 83' lang='lat' dir='ltr'>AEsolrylus</span> <span class='ocrx_word' id='word_1_61' title='bbox 714 1293 748 1354; x_wconf 93' lang='lat' dir='ltr'>et</span> <span class='ocrx_word' id='word_1_62' title='bbox 764 1285 943 1374; x_wconf 90' lang='lat' dir='ltr'>Sophocles</span> <span class='ocrx_word' id='word_1_63' title='bbox 956 1288 1041 1352; x_wconf 90' lang='lat' dir='ltr'>Deos</span> <span class='ocrx_word' id='word_1_64' title='bbox 1059 1282 1195 1351; x_wconf 87' lang='lat' dir='ltr'>circum·</span> 
     </span>
     <span class='ocr_line' id='line_1_11' title="bbox 111 1399 1195 1494; baseline -0.006 -26"><span class='ocrx_word' id='word_1_65' title='bbox 111 1399 289 1476; x_wconf 91' lang='lat' dir='ltr'>dederant,</span> <span class='ocrx_word' id='word_1_66' title='bbox 324 1404 357 1468; x_wconf 89' lang='lat' dir='ltr'>ot</span> <span class='ocrx_word' id='word_1_67' title='bbox 384 1399 530 1487; x_wconf 90' lang='lat' dir='ltr'>quamvis</span> <span class='ocrx_word' id='word_1_68' title='bbox 558 1404 699 1468; x_wconf 88' lang='lat' dir='ltr'>Deorum</span> <span class='ocrx_word' id='word_1_69' title='bbox 725 1418 854 1466; x_wconf 88' lang='lat' dir='ltr'>amores</span> <span class='ocrx_word' id='word_1_70' title='bbox 880 1419 919 1465; x_wconf 91' lang='lat' dir='ltr'>ae</span> <span class='ocrx_word' id='word_1_71' title='bbox 942 1402 1053 1485; x_wconf 89' lang='lat' dir='ltr'>stupra</span> <span class='ocrx_word' id='word_1_72' title='bbox 1082 1400 1195 1494; x_wconf 84' lang='lat' dir='ltr'>aperte</span> 
     </span>
     <span class='ocr_line' id='line_1_12' title="bbox 111 1507 1196 1590; baseline -0.005 -11"><span class='ocrx_word' id='word_1_73' title='bbox 111 1518 348 1590; x_wconf 83' lang='lat' dir='ltr'>memorarent,</span> <span class='ocrx_word' id='word_1_74' title='bbox 363 1512 472 1581; x_wconf 90' lang='lat' dir='ltr'>verbis</span> <span class='ocrx_word' id='word_1_75' title='bbox 490 1519 599 1581; x_wconf 88' lang='lat' dir='ltr'>tamen</span> <span class='ocrx_word' id='word_1_76' title='bbox 619 1511 800 1580; x_wconf 90' lang='lat' dir='ltr'>castitatem</span> <span class='ocrx_word' id='word_1_77' title='bbox 816 1531 880 1578; x_wconf 94' lang='lat' dir='ltr'>non</span> <span class='ocrx_word' id='word_1_78' title='bbox 896 1510 1113 1586; x_wconf 85' lang='lat' dir='ltr'>violaverant,</span> <span class='ocrx_word' id='word_1_79' title='bbox 1134 1507 1196 1575; x_wconf 92' lang='lat' dir='ltr'>illis</span> 
     </span>
     <span class='ocr_line' id='line_1_13' title="bbox 112 1621 1193 1715; baseline -0.006 -20"><span class='ocrx_word' id='word_1_80' title='bbox 112 1626 331 1715; x_wconf 87' lang='lat' dir='ltr'>sculptoribus</span> <span class='ocrx_word' id='word_1_81' title='bbox 357 1625 477 1694; x_wconf 87' lang='lat' dir='ltr'>similes</span> <span class='ocrx_word' id='word_1_82' title='bbox 504 1624 558 1715; x_wconf 93' lang='lat' dir='ltr'>qui</span> <span class='ocrx_word' id='word_1_83' title='bbox 586 1625 669 1694; x_wconf 93' lang='lat' dir='ltr'>nuda</span> <span class='ocrx_word' id='word_1_84' title='bbox 689 1625 785 1694; x_wconf 93' lang='lat' dir='ltr'>simul</span> <span class='ocrx_word' id='word_1_85' title='bbox 810 1625 1009 1713; x_wconf 87' lang='lat' dir='ltr'>honestaque</span> <span class='ocrx_word' id='word_1_86' title='bbox 1027 1621 1193 1711; x_wconf 76' lang='lat' dir='ltr'>Apollinis,</span> 
     </span>
     <span class='ocr_line' id='line_1_14' title="bbox 112 1737 1195 1829; baseline -0.002 -21"><span class='ocrx_word' id='word_1_87' title='bbox 112 1739 232 1808; x_wconf 88' lang='lat' dir='ltr'>Bacchi</span> <span class='ocrx_word' id='word_1_88' title='bbox 254 1738 453 1828; x_wconf 87' lang='lat' dir='ltr'>Venerisque</span> <span class='ocrx_word' id='word_1_89' title='bbox 468 1739 561 1829; x_wconf 83' lang='lat' dir='ltr'>signa</span> <span class='ocrx_word' id='word_1_90' title='bbox 585 1744 788 1828; x_wconf 89' lang='lat' dir='ltr'>posuerunt;</span> <span class='ocrx_word' id='word_1_91' title='bbox 820 1739 877 1806; x_wconf 94' lang='lat' dir='ltr'>sed</span> <span class='ocrx_word' id='word_1_92' title='bbox 905 1749 968 1808; x_wconf 93' lang='lat' dir='ltr'>non</span> <span class='ocrx_word' id='word_1_93' title='bbox 997 1737 1110 1827; x_wconf 85' lang='lat' dir='ltr'>negari</span> <span class='ocrx_word' id='word_1_94' title='bbox 1131 1757 1195 1826; x_wconf 94' lang='lat' dir='ltr'>po-</span> 
     </span>
     <span class='ocr_line' id='line_1_15' title="bbox 112 1834 1196 1929; baseline -0.003 -8"><span class='ocrx_word' id='word_1_95' title='bbox 112 1860 198 1922; x_wconf 87' lang='lat' dir='ltr'>terat</span> <span class='ocrx_word' id='word_1_96' title='bbox 212 1834 344 1922; x_wconf 76' lang='lat' dir='ltr'>eosdem</span> <span class='ocrx_word' id='word_1_97' title='bbox 360 1857 446 1922; x_wconf 86' lang='lat' dir='ltr'>Deos</span> <span class='ocrx_word' id='word_1_98' title='bbox 463 1855 494 1921; x_wconf 92' lang='lat' dir='ltr'>in</span> <span class='ocrx_word' id='word_1_99' title='bbox 509 1852 670 1923; x_wconf 79' lang='lat' dir='ltr'>trauoedia</span> <span class='ocrx_word' id='word_1_100' title='bbox 684 1857 751 1921; x_wconf 88' lang='lat' dir='ltr'>tam</span> <span class='ocrx_word' id='word_1_101' title='bbox 769 1852 971 1920; x_wconf 90' lang='lat' dir='ltr'>venerandos</span> <span class='ocrx_word' id='word_1_102' title='bbox 984 1851 1147 1929; x_wconf 91' lang='lat' dir='ltr'>incedere,</span> <span class='ocrx_word' id='word_1_103' title='bbox 1164 1856 1196 1918; x_wconf 91' lang='lat' dir='ltr'>et</span> 
     </span>
     <span class='ocr_line' id='line_1_16' title="bbox 112 1966 1261 2056; baseline -0.006 -21"><span class='ocrx_word' id='word_1_104' title='bbox 112 1969 146 2035; x_wconf 96' lang='lat' dir='ltr'>in</span> <span class='ocrx_word' id='word_1_105' title='bbox 170 1968 330 2037; x_wconf 78' lang='lat' dir='ltr'>comoedia</span> <span class='ocrx_word' id='word_1_106' title='bbox 358 1974 467 2036; x_wconf 89' lang='lat' dir='ltr'>tantos</span> <span class='ocrx_word' id='word_1_107' title='bbox 494 1969 578 2036; x_wconf 88' lang='lat' dir='ltr'>risus</span> <span class='ocrx_word' id='word_1_108' title='bbox 610 1968 751 2056; x_wconf 88' lang='lat' dir='ltr'>turpiter</span> <span class='ocrx_word' id='word_1_109' title='bbox 777 1967 873 2034; x_wconf 90' lang='lat' dir='ltr'>dictis</span> <span class='ocrx_word' id='word_1_110' title='bbox 894 1966 1028 2034; x_wconf 84' lang='lat' dir='ltr'>factisve</span> <span class='ocrx_word' id='word_1_111' title='bbox 1052 1984 1194 2052; x_wconf 88' lang='lat' dir='ltr'>movere.</span> <span class='ocrx_word' id='word_1_112' title='bbox 1260 2022 1261 2026; x_wconf 72' lang='grc'>,</span> 
     </span>
     <span class='ocr_line' id='line_1_17' title="bbox 117 2078 1197 2170; baseline -0.005 -22"><span class='ocrx_word' id='word_1_113' title='bbox 117 2108 130 2142; x_wconf 69' lang='lat' dir='ltr'>a</span> <span class='ocrx_word' id='word_1_114' title='bbox 158 2085 244 2169; x_wconf 82' lang='lat' dir='ltr'>Ergo</span> <span class='ocrx_word' id='word_1_115' title='bbox 260 2081 286 2149; x_wconf 91' lang='lat' dir='ltr'>si</span> <span class='ocrx_word' id='word_1_116' title='bbox 305 2082 439 2170; x_wconf 93' lang='lat' dir='ltr'>lupiter,</span> <span class='ocrx_word' id='word_1_117' title='bbox 461 2080 628 2170; x_wconf 83' lang='lat' dir='ltr'>inquiebat</span> <span class='ocrx_word' id='word_1_118' title='bbox 645 2080 854 2157; x_wconf 81' lang='lat' dir='ltr'>adolescens,</span> <span class='ocrx_word' id='word_1_119' title='bbox 880 2100 918 2147; x_wconf 84' lang='lat' dir='ltr'>ex</span> <span class='ocrx_word' id='word_1_120' title='bbox 939 2078 1093 2146; x_wconf 76' lang='lat' dir='ltr'>Alcmena</span> <span class='ocrx_word' id='word_1_121' title='bbox 1108 2081 1197 2145; x_wconf 89' lang='lat' dir='ltr'>Her-</span> 
     </span>
    </p>
   </div>
   <div class='ocr_carea' id='block_1_3' title="bbox 113 2189 1303 2282">
    <p class='ocr_par' dir='ltr' id='par_1_3' title="bbox 113 2189 1303 2282">
     <span class='ocr_line' id='line_1_18' title="bbox 113 2189 1303 2282; baseline -0.001 -23"><span class='ocrx_word' id='word_1_122' title='bbox 113 2192 218 2261; x_wconf 88' lang='lat' dir='ltr'>culem</span> <span class='ocrx_word' id='word_1_123' title='bbox 244 2193 379 2282; x_wconf 83' lang='lat' dir='ltr'>genuit,</span> <span class='ocrx_word' id='word_1_124' title='bbox 404 2197 440 2261; x_wconf 93' lang='lat' dir='ltr'>ut</span> <span class='ocrx_word' id='word_1_125' title='bbox 465 2197 624 2261; x_wconf 92' lang='lat' dir='ltr'>Homerus</span> <span class='ocrx_word' id='word_1_126' title='bbox 648 2200 681 2262; x_wconf 88' lang='lat' dir='ltr'>et</span> <span class='ocrx_word' id='word_1_127' title='bbox 699 2192 816 2282; x_wconf 82' lang='lat' dir='ltr'>tragici</span> <span class='ocrx_word' id='word_1_128' title='bbox 838 2192 972 2268; x_wconf 89' lang='lat' dir='ltr'>dicunt,</span> <span class='ocrx_word' id='word_1_129' title='bbox 999 2191 1096 2258; x_wconf 85' lang='lat' dir='ltr'>talem</span> <span class='ocrx_word' id='word_1_130' title='bbox 1122 2209 1196 2258; x_wconf 93' lang='lat' dir='ltr'>eum</span> <span class='ocrx_word' id='word_1_131' title='bbox 1298 2189 1303 2198; x_wconf 56' lang='lat'>‘</span> 
     </span>
    </p>
   </div>
   <div class='ocr_carea' id='block_1_4' title="bbox 113 2302 1198 3075">
    <p class='ocr_par' dir='ltr' id='par_1_4' title="bbox 113 2302 1198 3075">
     <span class='ocr_line' id='line_1_19' title="bbox 114 2302 1197 2395; baseline -0.003 -23"><span class='ocrx_word' id='word_1_132' title='bbox 114 2304 260 2393; x_wconf 86' lang='lat' dir='ltr'>prolecto</span> <span class='ocrx_word' id='word_1_133' title='bbox 277 2305 352 2373; x_wconf 89' lang='lat' dir='ltr'>lecit</span> <span class='ocrx_word' id='word_1_134' title='bbox 372 2326 463 2374; x_wconf 92' lang='lat' dir='ltr'>amor</span> <span class='ocrx_word' id='word_1_135' title='bbox 489 2305 617 2395; x_wconf 89' lang='lat' dir='ltr'>qualem</span> <span class='ocrx_word' id='word_1_136' title='bbox 637 2305 763 2393; x_wconf 85' lang='lat' dir='ltr'>ellingit</span> <span class='ocrx_word' id='word_1_137' title='bbox 782 2303 1039 2392; x_wconf 76' lang='lat' dir='ltr'>Aristophanes3</span> <span class='ocrx_word' id='word_1_138' title='bbox 1065 2302 1197 2372; x_wconf 90' lang='lat' dir='ltr'>libidine</span> 
     </span>
     <span class='ocr_line' id='line_1_20' title="bbox 113 2417 1197 2508; baseline -0.002 -22"><span class='ocrx_word' id='word_1_139' title='bbox 113 2419 237 2486; x_wconf 88' lang='lat' dir='ltr'>scilicet</span> <span class='ocrx_word' id='word_1_140' title='bbox 251 2424 395 2490; x_wconf 87' lang='lat' dir='ltr'>aestuans</span> <span class='ocrx_word' id='word_1_141' title='bbox 412 2440 451 2487; x_wconf 90' lang='lat' dir='ltr'>ao</span> <span class='ocrx_word' id='word_1_142' title='bbox 467 2419 616 2508; x_wconf 92' lang='lat' dir='ltr'>pruriens</span> <span class='ocrx_word' id='word_1_143' title='bbox 635 2440 730 2488; x_wconf 89' lang='lat' dir='ltr'>auras</span> <span class='ocrx_word' id='word_1_144' title='bbox 745 2418 902 2496; x_wconf 89' lang='lat' dir='ltr'>tranavit,</span> <span class='ocrx_word' id='word_1_145' title='bbox 930 2417 1098 2488; x_wconf 89' lang='lat' dir='ltr'>mulierem</span> <span class='ocrx_word' id='word_1_146' title='bbox 1121 2417 1197 2485; x_wconf 93' lang='lat' dir='ltr'>adi-</span> 
     </span>
     <span class='ocr_line' id='line_1_21' title="bbox 113 2529 1198 2623; baseline -0.003 -23"><span class='ocrx_word' id='word_1_147' title='bbox 113 2536 238 2600; x_wconf 72' lang='lat' dir='ltr'>turus2.</span> <span class='ocrx_word' id='word_1_148' title='bbox 265 2535 306 2600; x_wconf 84' lang='lat' dir='ltr'>nt</span> <span class='ocrx_word' id='word_1_149' title='bbox 320 2553 382 2623; x_wconf 83' lang='lat' dir='ltr'>ego</span> <span class='ocrx_word' id='word_1_150' title='bbox 403 2533 565 2622; x_wconf 90' lang='lat' dir='ltr'>quomodo</span> <span class='ocrx_word' id='word_1_151' title='bbox 585 2538 688 2602; x_wconf 91' lang='lat' dir='ltr'>Deum</span> <span class='ocrx_word' id='word_1_152' title='bbox 712 2534 815 2601; x_wconf 90' lang='lat' dir='ltr'>colam</span> <span class='ocrx_word' id='word_1_153' title='bbox 842 2553 938 2622; x_wconf 92' lang='lat' dir='ltr'>quem</span> <span class='ocrx_word' id='word_1_154' title='bbox 958 2530 1036 2598; x_wconf 93' lang='lat' dir='ltr'>mihi</span> <span class='ocrx_word' id='word_1_155' title='bbox 1058 2536 1124 2597; x_wconf 90' lang='lat' dir='ltr'>tam</span> <span class='ocrx_word' id='word_1_156' title='bbox 1146 2529 1198 2598; x_wconf 91' lang='lat' dir='ltr'>si-</span> 
     </span>
     <span class='ocr_line' id='line_1_22' title="bbox 115 2635 1198 2735; baseline -0.002 -23"><span class='ocrx_word' id='word_1_157' title='bbox 115 2644 223 2712; x_wconf 95' lang='lat' dir='ltr'>milem</span> <span class='ocrx_word' id='word_1_158' title='bbox 258 2645 374 2714; x_wconf 74' lang='lat' dir='ltr'>ridear</span> <span class='ocrx_word' id='word_1_159' title='bbox 404 2650 498 2713; x_wconf 91' lang='lat' dir='ltr'>Hunc</span> <span class='ocrx_word' id='word_1_160' title='bbox 532 2646 661 2735; x_wconf 91' lang='lat' dir='ltr'>quidem</span> <span class='ocrx_word' id='word_1_161' title='bbox 692 2646 797 2733; x_wconf 81' lang='lat' dir='ltr'>gestio</span> <span class='ocrx_word' id='word_1_162' title='bbox 832 2645 864 2712; x_wconf 92' lang='lat' dir='ltr'>in</span> <span class='ocrx_word' id='word_1_163' title='bbox 893 2635 1040 2712; x_wconf 90' lang='lat' dir='ltr'>amandis</span> <span class='ocrx_word' id='word_1_164' title='bbox 1068 2643 1198 2711; x_wconf 85' lang='lat' dir='ltr'>feminis</span> 
     </span>
     <span class='ocr_line' id='line_1_23' title="bbox 116 2757 1198 2848; baseline -0.003 -21"><span class='ocrx_word' id='word_1_165' title='bbox 116 2760 244 2838; x_wconf 88' lang='lat' dir='ltr'>imitari,</span> <span class='ocrx_word' id='word_1_166' title='bbox 263 2759 318 2828; x_wconf 92' lang='lat' dir='ltr'>sed</span> <span class='ocrx_word' id='word_1_167' title='bbox 336 2760 439 2828; x_wconf 91' lang='lat' dir='ltr'>vereri</span> <span class='ocrx_word' id='word_1_168' title='bbox 456 2781 520 2827; x_wconf 96' lang='lat' dir='ltr'>non</span> <span class='ocrx_word' id='word_1_169' title='bbox 535 2779 678 2848; x_wconf 90' lang='lat' dir='ltr'>possum.</span> <span class='ocrx_word' id='word_1_170' title='bbox 696 2759 753 2826; x_wconf 91' lang='lat' dir='ltr'>Sin</span> <span class='ocrx_word' id='word_1_171' title='bbox 767 2764 875 2827; x_wconf 91' lang='lat' dir='ltr'>autem</span> <span class='ocrx_word' id='word_1_172' title='bbox 889 2757 965 2826; x_wconf 90' lang='lat' dir='ltr'>talia</span> <span class='ocrx_word' id='word_1_173' title='bbox 986 2778 1128 2847; x_wconf 92' lang='lat' dir='ltr'>unquam</span> <span class='ocrx_word' id='word_1_174' title='bbox 1143 2757 1198 2826; x_wconf 90' lang='lat' dir='ltr'>ad-</span> 
     </span>
     <span class='ocr_line' id='line_1_24' title="bbox 116 2870 1196 2963; baseline -0.004 -20"><span class='ocrx_word' id='word_1_175' title='bbox 116 2873 274 2943; x_wconf 88' lang='lat' dir='ltr'>miserunt</span> <span class='ocrx_word' id='word_1_176' title='bbox 291 2894 372 2963; x_wconf 93' lang='lat' dir='ltr'>quos</span> <span class='ocrx_word' id='word_1_177' title='bbox 387 2874 545 2942; x_wconf 88' lang='lat' dir='ltr'>hactenus</span> <span class='ocrx_word' id='word_1_178' title='bbox 567 2878 652 2942; x_wconf 90' lang='lat' dir='ltr'>Deos</span> <span class='ocrx_word' id='word_1_179' title='bbox 666 2873 781 2940; x_wconf 90' lang='lat' dir='ltr'>civitas</span> <span class='ocrx_word' id='word_1_180' title='bbox 795 2871 1033 2959; x_wconf 73' lang='lat' dir='ltr'>credidit‚‘jam</span> <span class='ocrx_word' id='word_1_181' title='bbox 1058 2892 1121 2938; x_wconf 98' lang='lat' dir='ltr'>non</span> <span class='ocrx_word' id='word_1_182' title='bbox 1145 2870 1196 2939; x_wconf 87' lang='lat' dir='ltr'>isti</span> 
     </span>
     <span class='ocr_line' id='line_1_25' title="bbox 115 2986 560 3075; baseline -0.011 -22"><span class='ocrx_word' id='word_1_183' title='bbox 115 3006 174 3075; x_wconf 93' lang='lat' dir='ltr'>pro</span> <span class='ocrx_word' id='word_1_184' title='bbox 191 2986 257 3054; x_wconf 91' lang='lat' dir='ltr'>Diis</span> <span class='ocrx_word' id='word_1_185' title='bbox 271 2986 411 3054; x_wconf 91' lang='lat' dir='ltr'>habendi</span> <span class='ocrx_word' id='word_1_186' title='bbox 431 2992 517 3056; x_wconf 89' lang='lat' dir='ltr'>sunt.</span> <span class='ocrx_word' id='word_1_187' title='bbox 547 3013 560 3048; x_wconf 85' lang='lat'><strong>»</strong></span> 
     </span>
    </p>
   </div>
   <div class='ocr_carea' id='block_1_5' title="bbox 114 3115 1198 3434">
    <p class='ocr_par' dir='ltr' id='par_1_5' title="bbox 114 3115 1198 3434">
     <span class='ocr_line' id='line_1_26' title="bbox 161 3115 1197 3205; baseline -0.002 -21"><span class='ocrx_word' id='word_1_188' title='bbox 161 3120 240 3185; x_wconf 84' lang='lat' dir='ltr'>llaec</span> <span class='ocrx_word' id='word_1_189' title='bbox 265 3116 428 3184; x_wconf 90' lang='lat' dir='ltr'>doctiores</span> <span class='ocrx_word' id='word_1_190' title='bbox 455 3136 566 3185; x_wconf 89' lang='lat' dir='ltr'>secum</span> <span class='ocrx_word' id='word_1_191' title='bbox 604 3116 817 3205; x_wconf 91' lang='lat' dir='ltr'>reputabant;</span> <span class='ocrx_word' id='word_1_192' title='bbox 847 3115 919 3184; x_wconf 82' lang='lat' dir='ltr'>baec</span> <span class='ocrx_word' id='word_1_193' title='bbox 946 3115 979 3182; x_wconf 94' lang='lat' dir='ltr'>in</span> <span class='ocrx_word' id='word_1_194' title='bbox 1008 3115 1197 3202; x_wconf 69' lang='lat' dir='ltr'>Republical</span> 
     </span>
     <span class='ocr_line' id='line_1_27' title="bbox 115 3230 1198 3320; baseline -0.003 -21"><span class='ocrx_word' id='word_1_195' title='bbox 115 3230 205 3299; x_wconf 91' lang='lat' dir='ltr'>Plato</span> <span class='ocrx_word' id='word_1_196' title='bbox 219 3230 350 3320; x_wconf 90' lang='lat' dir='ltr'>repetiit</span> <span class='ocrx_word' id='word_1_197' title='bbox 364 3253 372 3312; x_wconf 93' lang='grc'>;</span> <span class='ocrx_word' id='word_1_198' title='bbox 393 3231 539 3318; x_wconf 89' lang='lat' dir='ltr'>quamvis</span> <span class='ocrx_word' id='word_1_199' title='bbox 556 3231 642 3299; x_wconf 90' lang='lat' dir='ltr'>enim</span> <span class='ocrx_word' id='word_1_200' title='bbox 666 3230 711 3300; x_wconf 94' lang='lat' dir='ltr'>ibi</span> <span class='ocrx_word' id='word_1_201' title='bbox 731 3234 872 3298; x_wconf 90' lang='lat' dir='ltr'>Deorum</span> <span class='ocrx_word' id='word_1_202' title='bbox 888 3230 1017 3298; x_wconf 93' lang='lat' dir='ltr'>nomina</span> <span class='ocrx_word' id='word_1_203' title='bbox 1040 3247 1103 3296; x_wconf 92' lang='lat' dir='ltr'>non</span> <span class='ocrx_word' id='word_1_204' title='bbox 1118 3234 1198 3296; x_wconf 87' lang='lat' dir='ltr'>mu-</span> 
     </span>
     <span class='ocr_line' id='line_1_28' title="bbox 114 3334 1197 3434; baseline -0.002 -23"><span class='ocrx_word' id='word_1_205' title='bbox 114 3350 181 3422; x_wconf 90' lang='lat' dir='ltr'>tet,</span> <span class='ocrx_word' id='word_1_206' title='bbox 198 3345 367 3434; x_wconf 91' lang='lat' dir='ltr'>patriaque</span> <span class='ocrx_word' id='word_1_207' title='bbox 386 3363 478 3412; x_wconf 86' lang='lat' dir='ltr'>saera</span> <span class='ocrx_word' id='word_1_208' title='bbox 492 3364 622 3414; x_wconf 90' lang='lat' dir='ltr'>servare</span> <span class='ocrx_word' id='word_1_209' title='bbox 634 3345 800 3424; x_wconf 90' lang='lat' dir='ltr'>videatur,</span> <span class='ocrx_word' id='word_1_210' title='bbox 816 3334 915 3434; x_wconf 89' lang='lat' dir='ltr'>quam</span> <span class='ocrx_word' id='word_1_211' title='bbox 937 3345 1033 3432; x_wconf 85' lang='lat' dir='ltr'>longe</span> <span class='ocrx_word' id='word_1_212' title='bbox 1054 3341 1197 3411; x_wconf 89' lang='lat' dir='ltr'>Platonis</span> 
     </span>
    </p>
   </div>
   <div class='ocr_carea' id='block_1_6' title="bbox 116 3529 354 3545">
    <p class='ocr_par' dir='ltr' id='par_1_6' title="bbox 116 3529 354 3545">
     <span class='ocr_line' id='line_1_29' title="bbox 116 3529 354 3545; baseline 0 -4"><span class='ocrx_word' id='word_1_213' title='bbox 116 3529 354 3545; x_wconf 49' lang='lat' dir='ltr'>——n—-n—-d</span> 
     </span>
    </p>
   </div>
   <div class='ocr_carea' id='block_1_7' title="bbox 113 3673 1197 3956">
    <p class='ocr_par' dir='ltr' id='par_1_7' title="bbox 113 3673 1197 3956">
     <span class='ocr_line' id='line_1_30' title="bbox 153 3673 1193 3760; baseline -0.007 -15"><span class='ocrx_word' id='word_1_214' title='bbox 153 3689 162 3718; x_wconf 79' lang='lat'>¹</span> <span class='ocrx_word' id='word_1_215' title='bbox 183 3673 319 3759; x_wconf 62' lang='lat' dir='ltr'>insutu,</span> <span class='ocrx_word' id='word_1_216' title='bbox 339 3686 425 3760; x_wconf 57' lang='lat' dir='ltr'>vap,</span> <span class='ocrx_word' id='word_1_217' title='bbox 442 3706 466 3744; x_wconf 76' lang='lat' dir='ltr'>v.</span> <span class='ocrx_word' id='word_1_218' title='bbox 482 3687 559 3744; x_wconf 81' lang='lat' dir='ltr'>n-ro.</span> <span class='ocrx_word' id='word_1_219' title='bbox 576 3689 635 3752; x_wconf 76' lang='lat' dir='ltr'>nv,</span> <span class='ocrx_word' id='word_1_220' title='bbox 653 3685 813 3746; x_wconf 76' lang='lat' dir='ltr'>reae-rear.</span> <span class='ocrx_word' id='word_1_221' title='bbox 834 3717 861 3726; x_wconf 90' lang='lat'>-</span> <span class='ocrx_word' id='word_1_222' title='bbox 882 3685 946 3752; x_wconf 74' lang='lat' dir='ltr'>cic,</span> <span class='ocrx_word' id='word_1_223' title='bbox 962 3686 993 3740; x_wconf 61' lang='lat' dir='ltr'>rt</span> <span class='ocrx_word' id='word_1_224' title='bbox 1006 3685 1080 3758; x_wconf 66' lang='lat' dir='ltr'>tq,</span> <span class='ocrx_word' id='word_1_225' title='bbox 1100 3683 1193 3743; x_wconf 66' lang='lat'>11:15.</span> 
     </span>
     <span class='ocr_line' id='line_1_31' title="bbox 116 3771 1197 3843; baseline -0.007 -9"><span class='ocrx_word' id='word_1_226' title='bbox 116 3804 149 3827; x_wconf 85' lang='lat'>=</span> <span class='ocrx_word' id='word_1_227' title='bbox 163 3780 176 3820; x_wconf 74' lang='lat'><strong>²</strong></span> <span class='ocrx_word' id='word_1_228' title='bbox 195 3779 254 3833; x_wconf 84' lang='lat' dir='ltr'>llaeo</span> <span class='ocrx_word' id='word_1_229' title='bbox 268 3776 346 3833; x_wconf 88' lang='lat' dir='ltr'>sentit</span> <span class='ocrx_word' id='word_1_230' title='bbox 358 3783 384 3831; x_wconf 88' lang='lat' dir='ltr'>et</span> <span class='ocrx_word' id='word_1_231' title='bbox 397 3775 564 3843; x_wconf 82' lang='lat' dir='ltr'>Terentianus</span> <span class='ocrx_word' id='word_1_232' title='bbox 577 3775 619 3835; x_wconf 85' lang='lat' dir='ltr'>illc</span> <span class='ocrx_word' id='word_1_233' title='bbox 633 3775 658 3830; x_wconf 90' lang='lat' dir='ltr'>in</span> <span class='ocrx_word' id='word_1_234' title='bbox 673 3773 793 3830; x_wconf 70' lang='lat' dir='ltr'>bonnet.</span> <span class='ocrx_word' id='word_1_235' title='bbox 810 3773 894 3830; x_wconf 83' lang='lat' dir='ltr'>tabula</span> <span class='ocrx_word' id='word_1_236' title='bbox 908 3773 1070 3838; x_wconf 83' lang='lat' dir='ltr'>adolescens,</span> <span class='ocrx_word' id='word_1_237' title='bbox 1086 3790 1110 3829; x_wconf 90' lang='lat' dir='ltr'>v.</span> <span class='ocrx_word' id='word_1_238' title='bbox 1128 3771 1197 3826; x_wconf 72' lang='lat' dir='ltr'>eut</span> 
     </span>
     <span class='ocr_line' id='line_1_32' title="bbox 113 3859 1053 3956; baseline 0 -40"><span class='ocrx_word' id='word_1_239' title='bbox 113 3864 251 3956; x_wconf 42' lang='grc' dir='ltr'><strong>591.,·-”δ</strong></span> <span class='ocrx_word' id='word_1_240' title='bbox 269 3864 347 3926; x_wconf 72' lang='lat' dir='ltr'>l‘lat,</span> <span class='ocrx_word' id='word_1_241' title='bbox 363 3863 394 3917; x_wconf 81' lang='lat' dir='ltr'>dc</span> <span class='ocrx_word' id='word_1_242' title='bbox 413 3863 476 3935; x_wconf 76' lang='lat' dir='ltr'>Dap,</span> <span class='ocrx_word' id='word_1_243' title='bbox 498 3862 524 3919; x_wconf 89' lang='lat' dir='ltr'>in</span> <span class='ocrx_word' id='word_1_244' title='bbox 538 3870 602 3933; x_wconf 84' lang='lat' dir='ltr'>post.</span> <span class='ocrx_word' id='word_1_245' title='bbox 619 3863 647 3918; x_wconf 80' lang='lat' dir='ltr'>t.</span> <span class='ocrx_word' id='word_1_246' title='bbox 664 3862 684 3917; x_wconf 96' lang='lat' dir='ltr'>ll</span> <span class='ocrx_word' id='word_1_247' title='bbox 700 3869 768 3933; x_wconf 84' lang='lat' dir='ltr'>purte</span> <span class='ocrx_word' id='word_1_248' title='bbox 789 3869 814 3918; x_wconf 83' lang='lat' dir='ltr'>et</span> <span class='ocrx_word' id='word_1_249' title='bbox 830 3862 854 3918; x_wconf 91' lang='lat' dir='ltr'>iu</span> <span class='ocrx_word' id='word_1_250' title='bbox 871 3862 903 3916; x_wconf 78' lang='lat' dir='ltr'>b.</span> <span class='ocrx_word' id='word_1_251' title='bbox 924 3862 955 3917; x_wconf 87' lang='lat' dir='ltr'>lll</span> <span class='ocrx_word' id='word_1_252' title='bbox 971 3859 1053 3916; x_wconf 87' lang='lat' dir='ltr'>initio.</span> 
     </span>
    </p>
   </div>
   <div class='ocr_carea' id='block_1_8' title="bbox 0 0 1356 4508">
    <p class='ocr_par' dir='ltr' id='par_1_8' title="bbox 0 0 1356 4508">
     <span class='ocr_line' id='line_1_33' title="bbox 0 0 1356 4508; baseline 0 0"><span class='ocrx_word' id='word_1_253' title='bbox 0 0 1356 4508; x_wconf 95' lang='lat' dir='ltr'> </span> 
     </span>
    </p>
   </div>
  </div>
 </body>
</html>
