2684 4508
588 269 619 278 -
641 240 692 295 mo
714 269 742 277 -

130 437 293 514 morbum,
313 442 348 503 ut
366 436 495 504 aiebant
513 436 639 514 comici,
658 437 836 504 innumeris
848 437 1005 525 exemplis
1018 437 1207 506 irritavisse.

128 549 218 618 lllum
234 555 343 618 autem
357 549 523 619 Alcibiade
537 549 655 618 fretum
670 550 701 617 in
730 551 890 639 poeticam
910 571 1042 619 arenam
1063 550 1208 619 descen—

128 663 214 733 disse
233 664 446 733 Thirlwallius
461 685 500 760 ex
514 685 553 732 eo
571 665 712 752 conjicit,
730 665 816 752 quod
837 664 980 732 carmina
1005 665 1037 732 in
1062 664 1208 734 Alcibia-

127 778 176 844 dis
200 777 357 846 honorem
384 779 425 846 ah
448 798 488 846 eo
514 777 694 866 composita
709 778 808 846 refert
831 778 1057 852 Plutarchus¹.
1084 782 1124 845 ut
1146 798 1208 867 ego

126 891 229 959 libens
252 890 446 959 crediderim
471 892 503 958 in
530 890 766 959 studiosissimo
793 891 1010 980 philosophie
1032 893 1233 979 juvencae

126 1003 269 1071 Socratis
295 1003 454 1092 discipulo
478 1005 612 1073 multum
637 1006 707 1094 spei
734 1007 874 1094 primum
897 1004 1083 1093 Euripidem
1107 1022 1210 1092 repo-

126 1115 249 1197 suisse3
268 1135 341 1183 mox
354 1135 431 1184 vero
441 1136 537 1204 quam
551 1137 649 1205 parva
663 1116 778 1186 fiducia
792 1117 911 1205 dignus
921 1124 1008 1184 osset
1020 1115 1210 1203 intelligen-
1328 1114 1329 1120 ’

125 1233 208 1305 tem,
226 1228 285 1296 has
304 1234 414 1316 partes
438 1250 510 1297 cum
539 1231 685 1318 plurimis
707 1230 901 1320 optimisque
919 1229 995 1296 viris
1013 1229 1208 1297 deseruisse.

126 1344 193 1408 Nec
212 1339 315 1408 deluit
332 1341 490 1410 Alcibiadi
516 1342 760 1430 sapientissima
776 1342 939 1431 Euripidis
953 1342 1149 1425 admonitio;
1177 1342 1209 1408 in

112 1454 188 1522 'illis
214 1454 300 1522 enim
326 1453 473 1523 versibus
499 1474 580 1543 quos
605 1455 637 1522 in
663 1455 853 1524 temerarios
878 1456 1037 1525 bellorum
1060 1475 1211 1523 suasores

127 1567 272 1657 tragicus
283 1567 426 1636 Theseus
439 1567 600 1656 jaculatur
614 1568 778 1656 propriam
793 1567 967 1655 imaginem
989 1568 1067 1636 levis
1089 1587 1212 1656 super-

125 1682 251 1769 busque
264 1681 374 1752 Calliae
389 1682 473 1751 filius
487 1704 667 1772 agnoscere
679 1684 794 1772 potuit.

165 2108 173 2148 ¹
196 2105 336 2172 Plutarch,
354 2103 451 2173 ntem,
467 2122 489 2160 c.
509 2107 537 2159 ll
555 2104 711 2177 (Thirlwall.
728 2105 754 2160 in
769 2105 819 2162 vol.
835 2105 885 2171 lll,
902 2122 926 2176 p.
942 2105 995 2161 330
1007 2105 1025 2174 l.
