2684 4508
130 444 199 505 tum
224 435 417 505 accessisset
435 435 511 504 huic
527 437 657 503 lbctioni
674 436 773 503 robur
788 442 794 502 l
822 438 862 502 ht
883 435 1067 523 paucissimi
1082 436 1211 503 luerunt

130 553 184 640 qui
200 551 356 619 unanimo
374 568 535 617 consensu
551 569 650 617 novas
674 548 862 637 disciplinas
884 548 1102 638 repudiarent.
1132 547 1214 616 Hine

131 668 284 736 intestina
300 667 492 756 optimatum
505 665 638 735 dissidia
652 690 659 749 ;
678 667 754 733 hinc
767 666 1001 754 Aristophanes
1010 671 1059 733 tot
1070 665 1214 755 popula-

133 781 178 848 ris
203 780 359 869 potentiae
376 800 415 846 ac
437 778 630 847 temeritatis
656 778 878 856 adversarios,
902 779 973 866 ipse
997 778 1102 866 plebis
1117 797 1216 845 acer-

131 895 234 962 rimus
249 895 441 982 castigator,
465 893 614 970 lacessit,
639 897 677 959 et
693 912 789 961 novae
816 891 1003 979 reipublicae
1029 890 1215 960 auctoribus

134 1027 249 1097 parum
267 1007 365 1075 lavet.
388 1009 492 1087 Quum
508 1011 619 1075 tannen
639 1025 696 1072 eos
708 1005 856 1092 pertinax
869 1004 1083 1072 multitudinis
1096 1004 1142 1072 ire
1159 1004 1216 1071 in-

135 1124 327 1196 sectaretur,
356 1117 475 1186 multos
490 1137 603 1185 eorum
626 1117 790 1205 reputavit
812 1115 951 1203 publicis
965 1115 1059 1183 malis
1074 1097 1217 1210 pemedia

134 1233 262 1300 sincero
277 1231 385 1299 animo
398 1232 538 1319 primum
553 1230 757 1319 quaesivisse,
776 1249 850 1296 mox
873 1234 981 1296 autem
995 1227 1115 1297 ducum
1130 1227 1217 1296 lalla-

134 1346 193 1413 ciis
207 1346 369 1422 irretitos,
384 1345 577 1422 inerrores,
595 1344 659 1411 imo
674 1344 706 1410 in
722 1343 838 1411 delicta
860 1349 1064 1410 transversos
1086 1343 1139 1432 agi
1154 1361 1218 1411 coe·

134 1461 234 1545 pisse.
251 1455 316 1524 lllis
330 1476 410 1544 ergo
424 1455 553 1528 veniam
575 1476 594 1523 a
622 1453 741 1545 populo
756 1454 902 1542 flagitat,
931 1454 1048 1543 etipsa
1074 1453 1217 1542 pericula
1255 1467 1257 1471 ’

132 1569 251 1659 patriae
264 1573 402 1637 testatus
414 1589 490 1657 quae
502 1566 591 1636 cives
607 1567 692 1636 inter
714 1587 749 1634 se
763 1564 935 1634 dissentire
950 1585 1015 1634 non
1036 1564 1214 1653 patiuntur,

133 1684 377 1773 magnanimem
391 1684 507 1753 suadet
525 1683 766 1772 praeteritarum
787 1700 895 1750 rerum
918 1680 1132 1759 oblivionem,
1161 1687 1218 1748 at-

133 1819 197 1887 que
211 1798 255 1865 ita
270 1798 427 1887 optimum
443 1796 545 1864 civilis
558 1795 703 1864 victoriae
715 1814 810 1863 usum
826 1795 857 1861 in
875 1797 974 1862 Bonis
993 1794 1090 1865 docet
1102 1799 1124 1861 ¹.
1151 1798 1218 1863 llos

136 1917 263 1978 lantum
283 1910 480 1998 implacabili
504 1909 578 1978 odio
607 1908 750 1996 exagitat
771 1909 825 1996 qui
849 1914 924 1996 post
944 1914 993 1976 tot
1017 1907 1125 1977 clades
1145 1906 1219 1977 insi·

132 2025 215 2092 diari
225 2024 275 2092 vel
289 2024 397 2093 furere
409 2029 637 2112 perseverant;
655 2023 889 2111 cleophontem
902 2023 936 2090 in
951 2022 1075 2111 primis,
1092 2022 1147 2111 qui
1162 2022 1219 2090 in-

136 2157 218 2205 sana
234 2137 380 2204 oratione
404 2136 645 2217 debacchatus,
669 2138 775 2207 foedus
795 2158 868 2204 cum
881 2136 1134 2206 Lacedaemonils
1150 2137 1218 2224 jam
1277 2200 1280 2207 .

136 2270 241 2339 prope
257 2249 357 2318 ictum
371 2247 515 2316 turbavit
532 2273 539 2316 :
557 2254 590 2317 et
613 2249 700 2317 idem
713 2249 765 2316 ille
789 2248 1033 2338 Aristophanes,
1049 2249 1102 2337 qui
1117 2248 1217 2317 veteri
1298 2240 1305 2250 '

136 2367 169 2433 in
185 2346 378 2455 peregrinos
391 2366 466 2435 odio
482 2365 613 2454 paulum
628 2366 787 2445 remisso,
812 2366 972 2455 benignos
985 2365 1120 2434 Athenis
1135 2365 1218 2433 hos-

137 2481 221 2567 pites
250 2479 367 2547 civium
399 2498 534 2547 numero
563 2479 795 2549 adscribendos
825 2500 929 2568 nuper
957 2480 1131 2555 suaserat²‚
1165 2477 1219 2546 hic

136 2593 370 2681 Cleophontem
386 2613 424 2659 ac
446 2592 550 2660 socios
562 2592 594 2659 in
614 2594 786 2662 barbaram
801 2593 939 2681 patriam
955 2594 1068 2682 lugere
1082 2593 1211 2681 jubet³.

183 2735 255 2801 Mox
278 2729 411 2818 triginta
435 2730 563 2817 tyranni
578 2729 887 2819 quadringentorum
910 2731 1142 2799 immanitatem
1157 2751 1219 2798 su-

138 2850 273 2933 perant;
289 2863 382 2932 quos,
399 2847 541 2931 utputo,
560 2843 665 2911 nullus
683 2845 843 2922 comicus,
861 2853 988 2933 recepta
1003 2866 1063 2934 per
1074 2845 1219 2933 Thrasy-

138 2956 251 3025 bulum
278 2957 447 3034 libertate,
466 2976 622 3024 excusare
636 2956 773 3025 tentavit
796 2981 803 3023 :
830 2958 949 3046 quippe
968 2978 1009 3024 ne
1037 2957 1219 3044 Xenophon

138 3074 279 3165 quidem,
296 3075 488 3163 optimatum
506 3074 760 3144 studiosissimus
775 3078 892 3157 fautor,
911 3098 1022 3146 eorum
1038 3079 1154 3146 delicta
1168 3098 1219 3146 ex-

139 3194 252 3257 tenuat
264 3201 283 3255 st.
299 3188 554 3276 Aristophanes,
577 3189 722 3278 quamvis
737 3190 937 3259 intestabiles
956 3191 1042 3260 viros
1057 3191 1143 3259 nullo
1155 3191 1220 3260 de-

139 3300 257 3370 siderio
273 3307 497 3390 prosequatur,
523 3301 677 3390 populum
693 3303 725 3368 in
741 3323 797 3370 sua
819 3305 891 3390 jura
917 3303 1101 3372 restitutum
1119 3309 1220 3372 teme·

139 3413 243 3481 nitatis
260 3433 329 3480 suae
344 3412 519 3481 admonere
547 3433 609 3480 non
634 3413 777 3482 desistit.
796 3420 829 3481 et
857 3420 999 3483 tentatas
1013 3415 1154 3504 undiquc
1180 3415 1219 3484 ad

209 3643 265 3650 em.
282 3641 386 3650 η--υ-

180 3829 187 3861 ¹
204 3823 342 3892 aristoph,
359 3823 437 3887 Rern,
454 3840 478 3877 v.
496 3821 557 3878 687.
573 3838 601 3858 Ξ
618 3825 631 3860 ⁹
646 3822 694 3884 ld.,
713 3821 841 3912 Lpida,
865 3838 890 3876 v.
910 3821 972 3878 580.
992 3831 1019 3851 ¹·
1039 3820 1122 3886 ³1d.,
1142 3821 1223 3887 Rom,

143 3933 168 3969 v.
183 3913 263 3968 1532
278 3924 306 3944 =
329 3916 339 3941 ‘
355 3913 482 3982 Xenoplr.,
498 3910 610 3974 Hellen,
626 3911 656 3964 L.
673 3910 694 3964 ll
707 3953 714 3975 ,
729 3926 751 3964 c.
