<?xml version="1.0" encoding="UTF-8"?>
<!DOCTYPE html PUBLIC "-//W3C//DTD XHTML 1.0 Transitional//EN"
    "http://www.w3.org/TR/xhtml1/DTD/xhtml1-transitional.dtd">
<html xmlns="http://www.w3.org/1999/xhtml" xml:lang="en" lang="en">
 <head>
  <title>
</title>
<meta http-equiv="Content-Type" content="text/html;charset=utf-8" />
  <meta name='ocr-system' content='tesseract 3.04.00' />
  <meta name='ocr-capabilities' content='ocr_page ocr_carea ocr_par ocr_line ocrx_word'/>
</head>
<body>
  <div class='ocr_page' id='page_1' title='image "./quaeinatticarep00trgoog_0031.png"; bbox 0 0 2684 4508; ppageno 0'>
   <div class='ocr_carea' id='block_1_1' title="bbox 676 158 756 207">
    <p class='ocr_par' dir='ltr' id='par_1_1' title="bbox 623 158 756 207">
     <span class='ocr_line' id='line_1_1' title="bbox 676 158 756 207; baseline 0.03 -9.406"><span class='ocrx_word' id='word_1_1' title='bbox 676 158 705 207; x_wconf 75' lang='lat' dir='ltr'>vg</span> <span class='ocrx_word' id='word_1_2' title='bbox 726 187 756 200; x_wconf 81' lang='lat'>..</span> 
     </span>
    </p>
   </div>
   <div class='ocr_carea' id='block_1_2' title="bbox 147 351 1239 3275">
    <p class='ocr_par' dir='ltr' id='par_1_2' title="bbox 147 351 1239 3275">
     <span class='ocr_line' id='line_1_2' title="bbox 148 351 1237 443; baseline -0.006 -20"><span class='ocrx_word' id='word_1_3' title='bbox 148 356 234 434; x_wconf 89' lang='lat' dir='ltr'>dam,</span> <span class='ocrx_word' id='word_1_4' title='bbox 252 355 292 423; x_wconf 89' lang='lat' dir='ltr'>de</span> <span class='ocrx_word' id='word_1_5' title='bbox 306 375 369 443; x_wconf 90' lang='lat' dir='ltr'>qua</span> <span class='ocrx_word' id='word_1_6' title='bbox 382 353 489 420; x_wconf 84' lang='lat' dir='ltr'>cerreti</span> <span class='ocrx_word' id='word_1_7' title='bbox 503 352 552 418; x_wconf 87' lang='lat' dir='ltr'>llii</span> <span class='ocrx_word' id='word_1_8' title='bbox 575 351 784 438; x_wconf 77' lang='lat' dir='ltr'>hominesque</span> <span class='ocrx_word' id='word_1_9' title='bbox 803 351 1047 419; x_wconf 75' lang='lat' dir='ltr'>dissentiebant.</span> <span class='ocrx_word' id='word_1_10' title='bbox 1064 353 1131 416; x_wconf 75' lang='lat' dir='ltr'>Nec</span> <span class='ocrx_word' id='word_1_11' title='bbox 1146 369 1237 417; x_wconf 91' lang='lat' dir='ltr'>oon-</span> 
     </span>
     <span class='ocr_line' id='line_1_3' title="bbox 147 463 1236 555; baseline -0.008 -17"><span class='ocrx_word' id='word_1_12' title='bbox 147 469 210 538; x_wconf 88' lang='lat' dir='ltr'>cilii</span> <span class='ocrx_word' id='word_1_13' title='bbox 225 474 351 536; x_wconf 87' lang='lat' dir='ltr'>tantum</span> <span class='ocrx_word' id='word_1_14' title='bbox 370 467 528 554; x_wconf 77' lang='lat' dir='ltr'>originem</span> <span class='ocrx_word' id='word_1_15' title='bbox 548 485 711 555; x_wconf 79' lang='lat' dir='ltr'>exponere</span> <span class='ocrx_word' id='word_1_16' title='bbox 724 464 843 546; x_wconf 87' lang='lat' dir='ltr'>voluit;</span> <span class='ocrx_word' id='word_1_17' title='bbox 864 464 920 532; x_wconf 89' lang='lat' dir='ltr'>sed</span> <span class='ocrx_word' id='word_1_18' title='bbox 935 463 1020 552; x_wconf 90' lang='lat' dir='ltr'>quod</span> <span class='ocrx_word' id='word_1_19' title='bbox 1035 464 1063 531; x_wconf 91' lang='lat' dir='ltr'>ei</span> <span class='ocrx_word' id='word_1_20' title='bbox 1079 482 1202 531; x_wconf 86' lang='lat' dir='ltr'>munus</span> <span class='ocrx_word' id='word_1_21' title='bbox 1217 483 1236 529; x_wconf 89' lang='lat' dir='ltr'>a</span> 
     </span>
     <span class='ocr_line' id='line_1_4' title="bbox 149 577 1233 667; baseline -0.007 -14"><span class='ocrx_word' id='word_1_22' title='bbox 149 584 215 653; x_wconf 79' lang='lat' dir='ltr'>uiis</span> <span class='ocrx_word' id='word_1_23' title='bbox 236 585 267 651; x_wconf 93' lang='lat' dir='ltr'>in</span> <span class='ocrx_word' id='word_1_24' title='bbox 288 589 447 652; x_wconf 86' lang='lat' dir='ltr'>aeternum</span> <span class='ocrx_word' id='word_1_25' title='bbox 472 580 727 649; x_wconf 87' lang='lat' dir='ltr'>committeretur</span> <span class='ocrx_word' id='word_1_26' title='bbox 747 579 898 647; x_wconf 79' lang='lat' dir='ltr'>edicere:</span> <span class='ocrx_word' id='word_1_27' title='bbox 919 605 932 639; x_wconf 76' lang='lat' dir='ltr'>a</span> <span class='ocrx_word' id='word_1_28' title='bbox 959 580 1071 667; x_wconf 82' lang='lat' dir='ltr'>AEgaeo</span> <span class='ocrx_word' id='word_1_29' title='bbox 1095 577 1233 666; x_wconf 87' lang='lat' dir='ltr'>populo,</span> 
     </span>
     <span class='ocr_line' id='line_1_5' title="bbox 150 689 1238 785; baseline -0.009 -21"><span class='ocrx_word' id='word_1_30' title='bbox 150 724 163 755; x_wconf 71' lang='lat' dir='ltr'>a</span> <span class='ocrx_word' id='word_1_31' title='bbox 191 696 293 785; x_wconf 90' lang='lat' dir='ltr'>inquit</span> <span class='ocrx_word' id='word_1_32' title='bbox 314 694 430 771; x_wconf 88' lang='lat' dir='ltr'>Pallas,</span> <span class='ocrx_word' id='word_1_33' title='bbox 453 694 480 761; x_wconf 88' lang='lat' dir='ltr'>is</span> <span class='ocrx_word' id='word_1_34' title='bbox 503 696 679 780; x_wconf 86' lang='lat' dir='ltr'>perpetuus</span> <span class='ocrx_word' id='word_1_35' title='bbox 698 691 843 779; x_wconf 88' lang='lat' dir='ltr'>judicum</span> <span class='ocrx_word' id='word_1_36' title='bbox 865 709 1037 758; x_wconf 90' lang='lat' dir='ltr'>consessus</span> <span class='ocrx_word' id='word_1_37' title='bbox 1051 689 1124 766; x_wconf 89' lang='lat' dir='ltr'>erit,</span> <span class='ocrx_word' id='word_1_38' title='bbox 1144 689 1238 757; x_wconf 80' lang='lat' dir='ltr'>hunc</span> 
     </span>
     <span class='ocr_line' id='line_1_6' title="bbox 150 804 1237 893; baseline -0.008 -14"><span class='ocrx_word' id='word_1_39' title='bbox 150 842 163 871; x_wconf 69' lang='lat' dir='ltr'>r</span> <span class='ocrx_word' id='word_1_40' title='bbox 192 811 279 880; x_wconf 85' lang='lat' dir='ltr'>cives</span> <span class='ocrx_word' id='word_1_41' title='bbox 293 809 501 885; x_wconf 87' lang='lat' dir='ltr'>verebuntur,</span> <span class='ocrx_word' id='word_1_42' title='bbox 517 806 604 874; x_wconf 87' lang='lat' dir='ltr'>lrune</span> <span class='ocrx_word' id='word_1_43' title='bbox 619 805 825 874; x_wconf 88' lang='lat' dir='ltr'>comitabitur</span> <span class='ocrx_word' id='word_1_44' title='bbox 837 804 943 882; x_wconf 91' lang='lat' dir='ltr'>timor,</span> <span class='ocrx_word' id='word_1_45' title='bbox 962 824 1025 893; x_wconf 91' lang='lat' dir='ltr'>qno</span> <span class='ocrx_word' id='word_1_46' title='bbox 1044 804 1237 892; x_wconf 91' lang='lat' dir='ltr'>compesci-</span> 
     </span>
     <span class='ocr_line' id='line_1_7' title="bbox 149 915 1233 1010; baseline 0 -27"><span class='ocrx_word' id='word_1_47' title='bbox 149 949 163 983; x_wconf 74' lang='lat'><strong>«</strong></span> <span class='ocrx_word' id='word_1_48' title='bbox 190 928 243 990; x_wconf 89' lang='lat' dir='ltr'>tur</span> <span class='ocrx_word' id='word_1_49' title='bbox 257 920 383 1010; x_wconf 87' lang='lat' dir='ltr'>injuria.</span> <span class='ocrx_word' id='word_1_50' title='bbox 408 919 467 988; x_wconf 89' lang='lat' dir='ltr'>Die</span> <span class='ocrx_word' id='word_1_51' title='bbox 490 918 611 1008; x_wconf 88' lang='lat' dir='ltr'>pariter</span> <span class='ocrx_word' id='word_1_52' title='bbox 631 938 670 984; x_wconf 91' lang='lat' dir='ltr'>ac</span> <span class='ocrx_word' id='word_1_53' title='bbox 694 923 788 984; x_wconf 88' lang='lat' dir='ltr'>noete</span> <span class='ocrx_word' id='word_1_54' title='bbox 803 917 866 984; x_wconf 95' lang='lat' dir='ltr'>vim</span> <span class='ocrx_word' id='word_1_55' title='bbox 889 915 1036 984; x_wconf 90' lang='lat' dir='ltr'>eamdem</span> <span class='ocrx_word' id='word_1_56' title='bbox 1058 916 1233 992; x_wconf 75' lang='lat' dir='ltr'>obtinebit,</span> 
     </span>
     <span class='ocr_line' id='line_1_8' title="bbox 149 1033 1237 1125; baseline -0.005 -20"><span class='ocrx_word' id='word_1_57' title='bbox 149 1065 162 1097; x_wconf 80' lang='grc'><strong>«</strong></span> <span class='ocrx_word' id='word_1_58' title='bbox 190 1037 267 1105; x_wconf 91' lang='lat' dir='ltr'>dnm</span> <span class='ocrx_word' id='word_1_59' title='bbox 283 1037 342 1125; x_wconf 88' lang='lat' dir='ltr'>ipsi</span> <span class='ocrx_word' id='word_1_60' title='bbox 356 1036 443 1105; x_wconf 88' lang='lat' dir='ltr'>cives</span> <span class='ocrx_word' id='word_1_61' title='bbox 458 1036 584 1124; x_wconf 88' lang='lat' dir='ltr'>legibus</span> <span class='ocrx_word' id='word_1_62' title='bbox 597 1034 641 1102; x_wconf 91' lang='lat' dir='ltr'>nil</span> <span class='ocrx_word' id='word_1_63' title='bbox 656 1034 729 1102; x_wconf 92' lang='lat' dir='ltr'>novi</span> <span class='ocrx_word' id='word_1_64' title='bbox 744 1035 903 1116; x_wconf 88' lang='lat' dir='ltr'>inserant;</span> <span class='ocrx_word' id='word_1_65' title='bbox 922 1033 1131 1102; x_wconf 84' lang='lat' dir='ltr'>nitidissimos</span> <span class='ocrx_word' id='word_1_66' title='bbox 1145 1033 1237 1100; x_wconf 90' lang='lat' dir='ltr'>enim</span> 
     </span>
     <span class='ocr_line' id='line_1_9' title="bbox 149 1136 1233 1236; baseline 0.001 -24"><span class='ocrx_word' id='word_1_67' title='bbox 149 1179 162 1211; x_wconf 75' lang='lat' dir='ltr'>r</span> <span class='ocrx_word' id='word_1_68' title='bbox 190 1150 302 1217; x_wconf 88' lang='lat' dir='ltr'>latices</span> <span class='ocrx_word' id='word_1_69' title='bbox 316 1149 343 1217; x_wconf 93' lang='lat' dir='ltr'>si</span> <span class='ocrx_word' id='word_1_70' title='bbox 364 1149 430 1217; x_wconf 91' lang='lat' dir='ltr'>luto</span> <span class='ocrx_word' id='word_1_71' title='bbox 453 1136 616 1236; x_wconf 83' lang='lat' dir='ltr'>pollueris,</span> <span class='ocrx_word' id='word_1_72' title='bbox 641 1147 684 1214; x_wconf 92' lang='lat' dir='ltr'>nil</span> <span class='ocrx_word' id='word_1_73' title='bbox 698 1146 783 1236; x_wconf 90' lang='lat' dir='ltr'>quod</span> <span class='ocrx_word' id='word_1_74' title='bbox 806 1147 919 1216; x_wconf 91' lang='lat' dir='ltr'>bibere</span> <span class='ocrx_word' id='word_1_75' title='bbox 943 1147 1048 1235; x_wconf 89' lang='lat' dir='ltr'>possis</span> <span class='ocrx_word' id='word_1_76' title='bbox 1072 1147 1233 1214; x_wconf 90' lang='lat' dir='ltr'>invenies.</span> 
     </span>
     <span class='ocr_line' id='line_1_10' title="bbox 150 1261 1237 1350; baseline -0.005 -17"><span class='ocrx_word' id='word_1_77' title='bbox 150 1291 163 1325; x_wconf 70' lang='lat' dir='ltr'>a</span> <span class='ocrx_word' id='word_1_78' title='bbox 190 1263 319 1333; x_wconf 80' lang='lat' dir='ltr'>Civibus</span> <span class='ocrx_word' id='word_1_79' title='bbox 332 1283 408 1331; x_wconf 89' lang='lat' dir='ltr'>vero</span> <span class='ocrx_word' id='word_1_80' title='bbox 428 1282 532 1350; x_wconf 86' lang='lat' dir='ltr'>neque</span> <span class='ocrx_word' id='word_1_81' title='bbox 549 1266 714 1350; x_wconf 85' lang='lat' dir='ltr'>expertem</span> <span class='ocrx_word' id='word_1_82' title='bbox 728 1261 854 1349; x_wconf 89' lang='lat' dir='ltr'>imperii</span> <span class='ocrx_word' id='word_1_83' title='bbox 867 1261 1111 1348; x_wconf 78' lang='lat' dir='ltr'>rempublicam,</span> <span class='ocrx_word' id='word_1_84' title='bbox 1128 1280 1237 1348; x_wconf 88' lang='lat' dir='ltr'>neque</span> 
     </span>
     <span class='ocr_line' id='line_1_11' title="bbox 150 1372 1236 1466; baseline 0.002 -28"><span class='ocrx_word' id='word_1_85' title='bbox 150 1404 163 1438; x_wconf 82' lang='lat'>«</span> <span class='ocrx_word' id='word_1_86' title='bbox 190 1376 377 1466; x_wconf 89' lang='lat' dir='ltr'>impotentis</span> <span class='ocrx_word' id='word_1_87' title='bbox 405 1375 527 1444; x_wconf 90' lang='lat' dir='ltr'>domini</span> <span class='ocrx_word' id='word_1_88' title='bbox 552 1377 667 1464; x_wconf 87' lang='lat' dir='ltr'>jugum</span> <span class='ocrx_word' id='word_1_89' title='bbox 698 1375 828 1461; x_wconf 90' lang='lat' dir='ltr'>probari</span> <span class='ocrx_word' id='word_1_90' title='bbox 856 1372 976 1462; x_wconf 86' lang='lat' dir='ltr'>jubeo.;</span> <span class='ocrx_word' id='word_1_91' title='bbox 1013 1393 1072 1440; x_wconf 93' lang='lat' dir='ltr'>nec</span> <span class='ocrx_word' id='word_1_92' title='bbox 1101 1392 1236 1440; x_wconf 90' lang='lat' dir='ltr'>omnem</span> 
     </span>
     <span class='ocr_line' id='line_1_12' title="bbox 151 1487 1234 1577; baseline -0.005 -19"><span class='ocrx_word' id='word_1_93' title='bbox 151 1520 163 1549; x_wconf 73' lang='lat' dir='ltr'>r</span> <span class='ocrx_word' id='word_1_94' title='bbox 190 1491 340 1559; x_wconf 88' lang='lat' dir='ltr'>timorem</span> <span class='ocrx_word' id='word_1_95' title='bbox 362 1489 403 1558; x_wconf 90' lang='lat' dir='ltr'>ab</span> <span class='ocrx_word' id='word_1_96' title='bbox 419 1489 500 1557; x_wconf 92' lang='lat' dir='ltr'>urbe</span> <span class='ocrx_word' id='word_1_97' title='bbox 521 1488 650 1577; x_wconf 82' lang='lat' dir='ltr'>expelli.</span> <span class='ocrx_word' id='word_1_98' title='bbox 677 1488 755 1568; x_wconf 84' lang='lat' dir='ltr'>Quis</span> <span class='ocrx_word' id='word_1_99' title='bbox 776 1488 862 1555; x_wconf 89' lang='lat' dir='ltr'>enim</span> <span class='ocrx_word' id='word_1_100' title='bbox 884 1487 1077 1565; x_wconf 91' lang='lat' dir='ltr'>mortalium,</span> <span class='ocrx_word' id='word_1_101' title='bbox 1103 1488 1130 1555; x_wconf 91' lang='lat' dir='ltr'>si</span> <span class='ocrx_word' id='word_1_102' title='bbox 1154 1487 1234 1555; x_wconf 90' lang='lat' dir='ltr'>nibil</span> 
     </span>
     <span class='ocr_line' id='line_1_13' title="bbox 151 1600 1235 1690; baseline -0.001 -21"><span class='ocrx_word' id='word_1_103' title='bbox 151 1630 163 1661; x_wconf 71' lang='lat' dir='ltr'>r</span> <span class='ocrx_word' id='word_1_104' title='bbox 191 1601 353 1680; x_wconf 87' lang='lat' dir='ltr'>metuerit,</span> <span class='ocrx_word' id='word_1_105' title='bbox 368 1601 525 1690; x_wconf 86' lang='lat' dir='ltr'>justitiam</span> <span class='ocrx_word' id='word_1_106' title='bbox 539 1621 669 1669; x_wconf 91' lang='lat' dir='ltr'>servare</span> <span class='ocrx_word' id='word_1_107' title='bbox 685 1600 795 1668; x_wconf 78' lang='lat' dir='ltr'>volem</span> <span class='ocrx_word' id='word_1_108' title='bbox 815 1603 995 1688; x_wconf 74' lang='lat' dir='ltr'>Augustam</span> <span class='ocrx_word' id='word_1_109' title='bbox 1017 1601 1116 1689; x_wconf 90' lang='lat' dir='ltr'>igitur</span> <span class='ocrx_word' id='word_1_110' title='bbox 1136 1600 1235 1688; x_wconf 88' lang='lat' dir='ltr'>hujus</span> 
     </span>
     <span class='ocr_line' id='line_1_14' title="bbox 151 1713 1236 1804; baseline 0.005 -27"><span class='ocrx_word' id='word_1_111' title='bbox 151 1746 164 1777; x_wconf 74' lang='lat' dir='ltr'>n</span> <span class='ocrx_word' id='word_1_112' title='bbox 192 1714 318 1783; x_wconf 88' lang='lat' dir='ltr'>concilii</span> <span class='ocrx_word' id='word_1_113' title='bbox 333 1714 524 1804; x_wconf 87' lang='lat' dir='ltr'>dignitatem</span> <span class='ocrx_word' id='word_1_114' title='bbox 548 1713 734 1793; x_wconf 83' lang='lat' dir='ltr'>vereamini,</span> <span class='ocrx_word' id='word_1_115' title='bbox 754 1714 839 1802; x_wconf 89' lang='lat' dir='ltr'>quod</span> <span class='ocrx_word' id='word_1_116' title='bbox 858 1716 973 1803; x_wconf 76' lang='lat' dir='ltr'>patriae</span> <span class='ocrx_word' id='word_1_117' title='bbox 997 1734 1236 1803; x_wconf 88' lang='lat' dir='ltr'>propugnacu-</span> 
     </span>
     <span class='ocr_line' id='line_1_15' title="bbox 152 1796 1236 1916; baseline 0.004 -27"><span class='ocrx_word' id='word_1_118' title='bbox 152 1856 165 1889; x_wconf 58' lang='grc' dir='ltr'>ι(</span> <span class='ocrx_word' id='word_1_119' title='bbox 192 1828 258 1896; x_wconf 93' lang='lat' dir='ltr'>lum</span> <span class='ocrx_word' id='word_1_120' title='bbox 272 1827 334 1895; x_wconf 90' lang='lat' dir='ltr'>crit</span> <span class='ocrx_word' id='word_1_121' title='bbox 347 1833 379 1896; x_wconf 88' lang='lat' dir='ltr'>et</span> <span class='ocrx_word' id='word_1_122' title='bbox 391 1826 546 1895; x_wconf 86' lang='lat' dir='ltr'>fidissima</span> <span class='ocrx_word' id='word_1_123' title='bbox 561 1796 671 1916; x_wconf 64' lang='lat' dir='ltr'>popidi</span> <span class='ocrx_word' id='word_1_124' title='bbox 695 1826 804 1896; x_wconf 88' lang='lat' dir='ltr'>salus:</span> <span class='ocrx_word' id='word_1_125' title='bbox 831 1827 874 1894; x_wconf 92' lang='lat' dir='ltr'>nil</span> <span class='ocrx_word' id='word_1_126' title='bbox 897 1828 961 1895; x_wconf 89' lang='lat' dir='ltr'>tale</span> <span class='ocrx_word' id='word_1_127' title='bbox 980 1827 1108 1916; x_wconf 81' lang='lat' dir='ltr'>Scythis</span> <span class='ocrx_word' id='word_1_128' title='bbox 1134 1826 1236 1893; x_wconf 91' lang='lat' dir='ltr'>Pelo-</span> 
     </span>
     <span class='ocr_line' id='line_1_16' title="bbox 152 1927 1231 2031; baseline 0.003 -30"><span class='ocrx_word' id='word_1_129' title='bbox 152 1970 165 2001; x_wconf 74' lang='lat'>«</span> <span class='ocrx_word' id='word_1_130' title='bbox 192 1927 282 2031; x_wconf 89' lang='lat' dir='ltr'>pisve</span> <span class='ocrx_word' id='word_1_131' title='bbox 306 1939 431 2028; x_wconf 91' lang='lat' dir='ltr'>regioni</span> <span class='ocrx_word' id='word_1_132' title='bbox 460 1940 607 2028; x_wconf 88' lang='lat' dir='ltr'>contigit.</span> <span class='ocrx_word' id='word_1_133' title='bbox 634 1945 738 2009; x_wconf 87' lang='lat' dir='ltr'>Lucro</span> <span class='ocrx_word' id='word_1_134' title='bbox 766 1945 967 2018; x_wconf 88' lang='lat' dir='ltr'>aversatum,</span> <span class='ocrx_word' id='word_1_135' title='bbox 994 1938 1231 2016; x_wconf 90' lang='lat' dir='ltr'>venerabilem,</span> 
     </span>
     <span class='ocr_line' id='line_1_17' title="bbox 152 2050 1236 2142; baseline 0.004 -29"><span class='ocrx_word' id='word_1_136' title='bbox 152 2081 165 2113; x_wconf 75' lang='lat' dir='ltr'>r</span> <span class='ocrx_word' id='word_1_137' title='bbox 190 2050 414 2141; x_wconf 78' lang='lat' dir='ltr'>perspicacem</span> <span class='ocrx_word' id='word_1_138' title='bbox 426 2050 680 2140; x_wconf 80' lang='lat' dir='ltr'>diligentemque</span> <span class='ocrx_word' id='word_1_139' title='bbox 696 2058 844 2120; x_wconf 91' lang='lat' dir='ltr'>senatum</span> <span class='ocrx_word' id='word_1_140' title='bbox 861 2052 995 2130; x_wconf 89' lang='lat' dir='ltr'>institui,</span> <span class='ocrx_word' id='word_1_141' title='bbox 1013 2052 1067 2142; x_wconf 93' lang='lat' dir='ltr'>qui</span> <span class='ocrx_word' id='word_1_142' title='bbox 1086 2051 1136 2119; x_wconf 92' lang='lat' dir='ltr'>vel</span> <span class='ocrx_word' id='word_1_143' title='bbox 1151 2050 1236 2118; x_wconf 90' lang='lat' dir='ltr'>dor-</span> 
     </span>
     <span class='ocr_line' id='line_1_18' title="bbox 154 2163 1237 2254; baseline 0.006 -28"><span class='ocrx_word' id='word_1_144' title='bbox 154 2194 166 2226; x_wconf 73' lang='lat'><em>«</em></span> <span class='ocrx_word' id='word_1_145' title='bbox 195 2163 369 2233; x_wconf 87' lang='lat' dir='ltr'>micntibus</span> <span class='ocrx_word' id='word_1_146' title='bbox 388 2184 528 2254; x_wconf 84' lang='lat' dir='ltr'>semper,</span> <span class='ocrx_word' id='word_1_147' title='bbox 550 2170 586 2232; x_wconf 87' lang='lat' dir='ltr'>ut</span> <span class='ocrx_word' id='word_1_148' title='bbox 608 2165 808 2254; x_wconf 81' lang='lat' dir='ltr'>praesidium,</span> <span class='ocrx_word' id='word_1_149' title='bbox 828 2165 984 2253; x_wconf 86' lang='lat' dir='ltr'>invigilet.</span> <span class='ocrx_word' id='word_1_150' title='bbox 1009 2169 1056 2233; x_wconf 76' lang='lat' dir='ltr'>lla</span> <span class='ocrx_word' id='word_1_151' title='bbox 1078 2185 1154 2233; x_wconf 94' lang='lat' dir='ltr'>vero</span> <span class='ocrx_word' id='word_1_152' title='bbox 1178 2186 1237 2233; x_wconf 95' lang='lat' dir='ltr'>vos</span> 
     </span>
     <span class='ocr_line' id='line_1_19' title="bbox 152 2275 1236 2364; baseline 0.006 -27"><span class='ocrx_word' id='word_1_153' title='bbox 152 2303 166 2336; x_wconf 72' lang='lat' dir='ltr'>r</span> <span class='ocrx_word' id='word_1_154' title='bbox 191 2275 313 2353; x_wconf 89' lang='lat' dir='ltr'>hortor,</span> <span class='ocrx_word' id='word_1_155' title='bbox 332 2295 406 2364; x_wconf 81' lang='lat' dir='ltr'>quae</span> <span class='ocrx_word' id='word_1_156' title='bbox 431 2277 461 2343; x_wconf 90' lang='lat' dir='ltr'>in</span> <span class='ocrx_word' id='word_1_157' title='bbox 479 2280 639 2344; x_wconf 85' lang='lat' dir='ltr'>aeternum</span> <span class='ocrx_word' id='word_1_158' title='bbox 660 2276 866 2345; x_wconf 84' lang='lat' dir='ltr'>observetis¹.</span> <span class='ocrx_word' id='word_1_159' title='bbox 887 2304 901 2337; x_wconf 89' lang='lat'><strong>»</strong></span> <span class='ocrx_word' id='word_1_160' title='bbox 930 2278 985 2344; x_wconf 90' lang='lat' dir='ltr'>llis</span> <span class='ocrx_word' id='word_1_161' title='bbox 999 2276 1145 2345; x_wconf 89' lang='lat' dir='ltr'>versibus</span> <span class='ocrx_word' id='word_1_162' title='bbox 1167 2282 1236 2343; x_wconf 86' lang='lat' dir='ltr'>tota</span> 
     </span>
     <span class='ocr_line' id='line_1_20' title="bbox 149 2387 1237 2479; baseline -0.002 -21"><span class='ocrx_word' id='word_1_163' title='bbox 149 2387 289 2478; x_wconf 78' lang='lat' dir='ltr'>AEsolryli</span> <span class='ocrx_word' id='word_1_164' title='bbox 304 2388 345 2456; x_wconf 91' lang='lat' dir='ltr'>de</span> <span class='ocrx_word' id='word_1_165' title='bbox 364 2389 461 2458; x_wconf 90' lang='lat' dir='ltr'>rebus</span> <span class='ocrx_word' id='word_1_166' title='bbox 482 2390 621 2479; x_wconf 90' lang='lat' dir='ltr'>publicis</span> <span class='ocrx_word' id='word_1_167' title='bbox 640 2390 722 2459; x_wconf 87' lang='lat' dir='ltr'>ratio</span> <span class='ocrx_word' id='word_1_168' title='bbox 744 2391 938 2458; x_wconf 84' lang='lat' dir='ltr'>continetur.</span> <span class='ocrx_word' id='word_1_169' title='bbox 957 2391 1128 2460; x_wconf 85' lang='lat' dir='ltr'>Libertatis</span> <span class='ocrx_word' id='word_1_170' title='bbox 1149 2391 1237 2457; x_wconf 91' lang='lat' dir='ltr'>enim</span> 
     </span>
     <span class='ocr_line' id='line_1_21' title="bbox 151 2501 1239 2591; baseline 0.002 -23"><span class='ocrx_word' id='word_1_171' title='bbox 151 2519 263 2568; x_wconf 90' lang='lat' dir='ltr'>verum</span> <span class='ocrx_word' id='word_1_172' title='bbox 280 2519 413 2567; x_wconf 88' lang='lat' dir='ltr'>amoren</span> <span class='ocrx_word' id='word_1_173' title='bbox 428 2521 498 2588; x_wconf 76' lang='lat' dir='ltr'>praa</span> <span class='ocrx_word' id='word_1_174' title='bbox 512 2521 547 2569; x_wconf 89' lang='lat' dir='ltr'>se</span> <span class='ocrx_word' id='word_1_175' title='bbox 562 2501 634 2580; x_wconf 86' lang='lat' dir='ltr'>fert,</span> <span class='ocrx_word' id='word_1_176' title='bbox 655 2501 769 2570; x_wconf 83' lang='lat' dir='ltr'>neceb</span> <span class='ocrx_word' id='word_1_177' title='bbox 789 2502 842 2569; x_wconf 90' lang='lat' dir='ltr'>illo</span> <span class='ocrx_word' id='word_1_178' title='bbox 860 2507 1002 2570; x_wconf 89' lang='lat' dir='ltr'>mutatus</span> <span class='ocrx_word' id='word_1_179' title='bbox 1017 2504 1142 2591; x_wconf 90' lang='lat' dir='ltr'>estqui,</span> <span class='ocrx_word' id='word_1_180' title='bbox 1161 2523 1239 2570; x_wconf 92' lang='lat' dir='ltr'>me—</span> 
     </span>
     <span class='ocr_line' id='line_1_22' title="bbox 153 2611 1237 2704; baseline 0.004 -24"><span class='ocrx_word' id='word_1_181' title='bbox 153 2613 214 2680; x_wconf 89' lang='lat' dir='ltr'>rito</span> <span class='ocrx_word' id='word_1_182' title='bbox 238 2611 441 2700; x_wconf 90' lang='lat' dir='ltr'>superbiens,</span> <span class='ocrx_word' id='word_1_183' title='bbox 469 2615 501 2681; x_wconf 93' lang='lat' dir='ltr'>in</span> <span class='ocrx_word' id='word_1_184' title='bbox 523 2635 561 2682; x_wconf 90' lang='lat' dir='ltr'>ea</span> <span class='ocrx_word' id='word_1_185' title='bbox 584 2636 658 2703; x_wconf 85' lang='lat' dir='ltr'>quae</span> <span class='ocrx_word' id='word_1_186' title='bbox 681 2619 786 2682; x_wconf 82' lang='lat' dir='ltr'>Perse</span> <span class='ocrx_word' id='word_1_187' title='bbox 817 2615 972 2703; x_wconf 78' lang='lat' dir='ltr'>inscripta</span> <span class='ocrx_word' id='word_1_188' title='bbox 1000 2623 1049 2684; x_wconf 90' lang='lat' dir='ltr'>est</span> <span class='ocrx_word' id='word_1_189' title='bbox 1078 2615 1237 2704; x_wconf 67' lang='lat' dir='ltr'>tragoedia</span> 
     </span>
     <span class='ocr_line' id='line_1_23' title="bbox 152 2727 1238 2818; baseline -0.001 -21"><span class='ocrx_word' id='word_1_190' title='bbox 152 2728 296 2797; x_wconf 80' lang='lat' dir='ltr'>Athenas</span> <span class='ocrx_word' id='word_1_191' title='bbox 316 2727 436 2794; x_wconf 89' lang='lat' dir='ltr'>nemini</span> <span class='ocrx_word' id='word_1_192' title='bbox 461 2729 623 2818; x_wconf 85' lang='lat' dir='ltr'>subjectas</span> <span class='ocrx_word' id='word_1_193' title='bbox 646 2750 718 2798; x_wconf 90' lang='lat' dir='ltr'>esse</span> <span class='ocrx_word' id='word_1_194' title='bbox 741 2729 970 2818; x_wconf 78' lang='lat' dir='ltr'>praedioabat2.</span> <span class='ocrx_word' id='word_1_195' title='bbox 993 2731 1089 2799; x_wconf 84' lang='lat' dir='ltr'>Seda</span> <span class='ocrx_word' id='word_1_196' title='bbox 1109 2731 1238 2797; x_wconf 88' lang='lat' dir='ltr'>licentia</span> 
     </span>
     <span class='ocr_line' id='line_1_24' title="bbox 153 2841 1239 2933; baseline -0.002 -21"><span class='ocrx_word' id='word_1_197' title='bbox 153 2841 317 2919; x_wconf 88' lang='lat' dir='ltr'>abhorret,</span> <span class='ocrx_word' id='word_1_198' title='bbox 334 2860 395 2908; x_wconf 89' lang='lat' dir='ltr'>neo</span> <span class='ocrx_word' id='word_1_199' title='bbox 409 2842 582 2932; x_wconf 88' lang='lat' dir='ltr'>quidquam</span> <span class='ocrx_word' id='word_1_200' title='bbox 595 2845 687 2933; x_wconf 90' lang='lat' dir='ltr'>pejus</span> <span class='ocrx_word' id='word_1_201' title='bbox 699 2844 862 2912; x_wconf 83' lang='lat' dir='ltr'>existimat</span> <span class='ocrx_word' id='word_1_202' title='bbox 875 2865 972 2933; x_wconf 92' lang='lat' dir='ltr'>quam</span> <span class='ocrx_word' id='word_1_203' title='bbox 985 2845 1012 2912; x_wconf 89' lang='lat' dir='ltr'>si</span> <span class='ocrx_word' id='word_1_204' title='bbox 1024 2845 1120 2912; x_wconf 88' lang='lat' dir='ltr'>timor</span> <span class='ocrx_word' id='word_1_205' title='bbox 1132 2845 1239 2911; x_wconf 89' lang='lat' dir='ltr'>omnis</span> 
     </span>
     <span class='ocr_line' id='line_1_25' title="bbox 154 2954 1238 3044; baseline -0.001 -19"><span class='ocrx_word' id='word_1_206' title='bbox 154 2977 173 3025; x_wconf 88' lang='lat' dir='ltr'>a</span> <span class='ocrx_word' id='word_1_207' title='bbox 187 2954 311 3024; x_wconf 89' lang='lat' dir='ltr'>civibus</span> <span class='ocrx_word' id='word_1_208' title='bbox 325 2956 464 3044; x_wconf 84' lang='lat' dir='ltr'>rejectus</span> <span class='ocrx_word' id='word_1_209' title='bbox 481 2957 533 3024; x_wconf 87' lang='lat' dir='ltr'>sit.</span> <span class='ocrx_word' id='word_1_210' title='bbox 557 2961 624 3024; x_wconf 90' lang='lat' dir='ltr'>Nee</span> <span class='ocrx_word' id='word_1_211' title='bbox 646 2956 719 3026; x_wconf 91' lang='lat' dir='ltr'>ideo</span> <span class='ocrx_word' id='word_1_212' title='bbox 736 2956 956 3026; x_wconf 87' lang='lat' dir='ltr'>fortitudinem</span> <span class='ocrx_word' id='word_1_213' title='bbox 974 2958 1091 3026; x_wconf 89' lang='lat' dir='ltr'>civium</span> <span class='ocrx_word' id='word_1_214' title='bbox 1104 2958 1238 3026; x_wconf 89' lang='lat' dir='ltr'>viriles-</span> 
     </span>
     <span class='ocr_line' id='line_1_26' title="bbox 154 3069 1238 3162; baseline 0.002 -24"><span class='ocrx_word' id='word_1_215' title='bbox 154 3089 216 3160; x_wconf 90' lang='lat' dir='ltr'>que</span> <span class='ocrx_word' id='word_1_216' title='bbox 229 3088 343 3137; x_wconf 89' lang='lat' dir='ltr'>sensus</span> <span class='ocrx_word' id='word_1_217' title='bbox 362 3069 530 3159; x_wconf 81' lang='lat' dir='ltr'>infringit:</span> <span class='ocrx_word' id='word_1_218' title='bbox 557 3075 642 3139; x_wconf 88' lang='lat' dir='ltr'>Deos</span> <span class='ocrx_word' id='word_1_219' title='bbox 657 3073 755 3148; x_wconf 91' lang='lat' dir='ltr'>enim,</span> <span class='ocrx_word' id='word_1_220' title='bbox 772 3079 806 3139; x_wconf 87' lang='lat' dir='ltr'>et</span> <span class='ocrx_word' id='word_1_221' title='bbox 824 3072 901 3150; x_wconf 90' lang='lat' dir='ltr'>fata,</span> <span class='ocrx_word' id='word_1_222' title='bbox 919 3079 952 3141; x_wconf 87' lang='lat' dir='ltr'>et</span> <span class='ocrx_word' id='word_1_223' title='bbox 970 3093 1128 3162; x_wconf 86' lang='lat' dir='ltr'>supernas</span> <span class='ocrx_word' id='word_1_224' title='bbox 1147 3073 1238 3160; x_wconf 89' lang='lat' dir='ltr'>leges</span> 
     </span>
     <span class='ocr_line' id='line_1_27' title="bbox 155 3182 1238 3275; baseline 0.003 -24"><span class='ocrx_word' id='word_1_225' title='bbox 155 3182 261 3270; x_wconf 89' lang='lat' dir='ltr'>magis</span> <span class='ocrx_word' id='word_1_226' title='bbox 279 3202 375 3271; x_wconf 88' lang='lat' dir='ltr'>quam</span> <span class='ocrx_word' id='word_1_227' title='bbox 389 3183 477 3272; x_wconf 90' lang='lat' dir='ltr'>ipsos</span> <span class='ocrx_word' id='word_1_228' title='bbox 492 3185 640 3253; x_wconf 90' lang='lat' dir='ltr'>homines</span> <span class='ocrx_word' id='word_1_229' title='bbox 652 3186 693 3255; x_wconf 91' lang='lat' dir='ltr'>ab</span> <span class='ocrx_word' id='word_1_230' title='bbox 708 3185 748 3254; x_wconf 89' lang='lat' dir='ltr'>iis</span> <span class='ocrx_word' id='word_1_231' title='bbox 766 3186 872 3254; x_wconf 90' lang='lat' dir='ltr'>timeri</span> <span class='ocrx_word' id='word_1_232' title='bbox 894 3186 972 3265; x_wconf 90' lang='lat' dir='ltr'>vult,</span> <span class='ocrx_word' id='word_1_233' title='bbox 990 3194 1026 3255; x_wconf 90' lang='lat' dir='ltr'>ut</span> <span class='ocrx_word' id='word_1_234' title='bbox 1047 3189 1238 3275; x_wconf 78' lang='lat' dir='ltr'>Areopagus</span> 
     </span>
    </p>
   </div>
   <div class='ocr_carea' id='block_1_3' title="bbox 156 3293 1238 3507">
    <p class='ocr_par' dir='ltr' id='par_1_3' title="bbox 156 3293 1238 3507">
     <span class='ocr_line' id='line_1_28' title="bbox 157 3293 1238 3396; baseline 0.004 -25"><span class='ocrx_word' id='word_1_235' title='bbox 157 3324 221 3373; x_wconf 95' lang='lat' dir='ltr'>non</span> <span class='ocrx_word' id='word_1_236' title='bbox 239 3293 311 3376; x_wconf 62' lang='lat' dir='ltr'>aas</span> <span class='ocrx_word' id='word_1_237' title='bbox 331 3303 439 3381; x_wconf 91' lang='lat' dir='ltr'>modo,</span> <span class='ocrx_word' id='word_1_238' title='bbox 467 3306 518 3372; x_wconf 92' lang='lat' dir='ltr'>vel</span> <span class='ocrx_word' id='word_1_239' title='bbox 543 3311 676 3384; x_wconf 87' lang='lat' dir='ltr'>metum,</span> <span class='ocrx_word' id='word_1_240' title='bbox 704 3307 761 3374; x_wconf 92' lang='lat' dir='ltr'>sed</span> <span class='ocrx_word' id='word_1_241' title='bbox 784 3298 891 3386; x_wconf 71' lang='grc' dir='ltr'>σε’ίῖας,</span> <span class='ocrx_word' id='word_1_242' title='bbox 918 3308 950 3375; x_wconf 92' lang='lat' dir='ltr'>id</span> <span class='ocrx_word' id='word_1_243' title='bbox 976 3315 1026 3376; x_wconf 90' lang='lat' dir='ltr'>est</span> <span class='ocrx_word' id='word_1_244' title='bbox 1047 3309 1238 3396; x_wconf 90' lang='lat' dir='ltr'>religionem</span> 
     </span>
     <span class='ocr_line' id='line_1_29' title="bbox 156 3416 1238 3507; baseline 0.003 -20"><span class='ocrx_word' id='word_1_245' title='bbox 156 3416 246 3507; x_wconf 88' lang='lat' dir='ltr'>genti</span> <span class='ocrx_word' id='word_1_246' title='bbox 274 3416 434 3485; x_wconf 84' lang='lat' dir='ltr'>universae</span> <span class='ocrx_word' id='word_1_247' title='bbox 461 3418 607 3487; x_wconf 87' lang='lat' dir='ltr'>incutiat.</span> <span class='ocrx_word' id='word_1_248' title='bbox 640 3423 707 3488; x_wconf 88' lang='lat' dir='ltr'>Nec</span> <span class='ocrx_word' id='word_1_249' title='bbox 725 3421 768 3487; x_wconf 92' lang='lat' dir='ltr'>illi</span> <span class='ocrx_word' id='word_1_250' title='bbox 796 3422 931 3490; x_wconf 84' lang='lat' dir='ltr'>coneilio</span> <span class='ocrx_word' id='word_1_251' title='bbox 957 3420 1096 3490; x_wconf 85' lang='lat' dir='ltr'>caedium</span> <span class='ocrx_word' id='word_1_252' title='bbox 1120 3423 1238 3490; x_wconf 88' lang='lat' dir='ltr'>ineen-</span> 
     </span>
    </p>
   </div>
   <div class='ocr_carea' id='block_1_4' title="bbox 158 3634 396 3649">
    <p class='ocr_par' dir='ltr' id='par_1_4' title="bbox 158 3634 396 3649">
     <span class='ocr_line' id='line_1_30' title="bbox 158 3634 396 3649; baseline 0.004 -2"><span class='ocrx_word' id='word_1_253' title='bbox 158 3634 396 3649; x_wconf 49' lang='lat' dir='ltr'>——ffl</span> 
     </span>
    </p>
   </div>
   <div class='ocr_carea' id='block_1_5' title="bbox 194 3820 1074 3892">
    <p class='ocr_par' dir='ltr' id='par_1_5' title="bbox 194 3820 1074 3892">
     <span class='ocr_line' id='line_1_31' title="bbox 194 3820 1074 3892; baseline -0.001 -14"><span class='ocrx_word' id='word_1_254' title='bbox 194 3825 202 3853; x_wconf 81' lang='lat'>¹</span> <span class='ocrx_word' id='word_1_255' title='bbox 222 3825 320 3892; x_wconf 66' lang='lat' dir='ltr'>ditch„</span> <span class='ocrx_word' id='word_1_256' title='bbox 335 3820 485 3887; x_wconf 62' lang='lat' dir='ltr'>Elimeam„</span> <span class='ocrx_word' id='word_1_257' title='bbox 499 3839 524 3876; x_wconf 92' lang='lat' dir='ltr'>v.</span> <span class='ocrx_word' id='word_1_258' title='bbox 541 3821 669 3878; x_wconf 76' lang='lat'>683-708.</span> <span class='ocrx_word' id='word_1_259' title='bbox 692 3833 719 3851; x_wconf 61' lang='grc' dir='ltr'>Ξ</span> <span class='ocrx_word' id='word_1_260' title='bbox 750 3821 760 3850; x_wconf 83' lang='lat'><em>&#39;</em></span> <span class='ocrx_word' id='word_1_261' title='bbox 786 3823 833 3886; x_wconf 86' lang='lat' dir='ltr'>ld,</span> <span class='ocrx_word' id='word_1_262' title='bbox 874 3822 955 3888; x_wconf 76' lang='lat' dir='ltr'>Pera,</span> <span class='ocrx_word' id='word_1_263' title='bbox 973 3841 997 3876; x_wconf 92' lang='lat' dir='ltr'>v.</span> <span class='ocrx_word' id='word_1_264' title='bbox 1013 3822 1074 3877; x_wconf 63' lang='lat' dir='ltr'>tlt.</span> 
     </span>
    </p>
   </div>
   <div class='ocr_carea' id='block_1_6' title="bbox 0 0 1355 4508">
    <p class='ocr_par' dir='ltr' id='par_1_6' title="bbox 0 0 1355 4508">
     <span class='ocr_line' id='line_1_32' title="bbox 0 0 1355 4508; baseline 0 0"><span class='ocrx_word' id='word_1_265' title='bbox 0 0 1355 4508; x_wconf 95' lang='lat' dir='ltr'> </span> 
     </span>
    </p>
   </div>
  </div>
 </body>
</html>
