2684 4508
636 200 740 256 -aot
762 230 792 238 -

225 399 284 468 llic
310 404 416 468 autem
442 397 559 488 aliquid
589 397 760 465 sententiae
786 414 869 464 meac
897 393 993 481 objici
1013 412 1108 480 posse
1134 389 1252 457 rideo:

181 532 239 581 cur
261 512 347 581 enim
376 513 460 581 idem
484 512 536 581 illc
561 512 616 601 qui
641 510 871 600 procedentem
885 508 917 575 in
941 505 1065 596 pulpita
1088 502 1257 593 plebicoloe

180 644 353 713 personam
370 625 469 694 tantis
488 624 654 694 cachinnis
680 624 881 713 excipiebat,
910 621 1053 689 fautores
1071 617 1143 686 illos
1166 615 1258 683 anti-

180 737 233 826 qui
253 737 363 816 moris,
382 738 531 808 Aristidis
548 738 753 827 Cimonisque
776 755 1002 812 successores,
1028 729 1178 800 deridere
1193 748 1258 798 uon

180 851 301 939 pariter
312 852 689 941 gaudebatf-Scilicet
702 871 802 941 quum
813 848 952 918 maxime
964 844 1124 916 comoedia
1135 841 1255 919 floruit,

181 962 278 1033 factio
301 965 492 1052 optimatum
507 985 571 1034 noo
584 970 711 1033 tantum
725 962 886 1052 pollebat,
902 966 938 1030 ut
952 960 980 1029 si
994 956 1071 1050 quid
1089 957 1122 1025 in
1148 975 1187 1024 ea
1208 954 1260 1022 ri-

181 1073 278 1143 diculi
291 1081 388 1154 esset,
404 1078 547 1146 omnium
561 1076 663 1146 oculis
683 1074 992 1165 deprehenderetur.
1006 1074 1107 1140 Nemo
1126 1066 1259 1136 enimin

183 1184 347 1273 republica
361 1194 508 1257 versatus
522 1207 594 1259 sese
606 1194 711 1258 totum
725 1184 864 1276 explicat
878 1190 911 1254 et
924 1183 1066 1273 detegit,
1082 1181 1144 1250 nisi
1161 1179 1260 1248 rebus

181 1315 268 1385 saepe
283 1298 333 1366 vel
346 1297 400 1367 diu
413 1300 565 1388 potiatur.
594 1304 635 1369 ht
657 1306 731 1389 post
753 1296 895 1369 Cimonis
914 1302 1051 1365 mortem
1065 1311 1180 1363 omues
1193 1310 1260 1359 on-

183 1413 261 1503 tiqui
283 1415 381 1484 moris
408 1414 596 1486 defensores
608 1416 641 1485 in
661 1415 782 1485 forensi
802 1414 977 1484 certamine
1003 1417 1161 1502 perpetuo
1175 1407 1261 1478 rioci

183 1527 350 1612 solrbaut3
375 1529 458 1609 sive,
475 1536 511 1599 ut
537 1529 739 1620 Thucydides
762 1537 912 1619 uterque,
928 1526 1039 1597 exsilio
1057 1526 1261 1595 mulctaren-

183 1645 247 1719 tur,
263 1641 340 1721 sire,
368 1648 403 1712 ut
426 1643 552 1724 Nicias,
583 1651 778 1734 cogerentur
801 1642 1022 1733 expeditiones
1043 1639 1190 1730 populari
1204 1645 1261 1706 te-

185 1754 334 1823 meritate
356 1753 505 1826 decretas
529 1757 618 1826 iuviti
645 1757 776 1826 ducere.
799 1757 901 1828 Victis
925 1775 1002 1823 vero
1023 1753 1178 1822 insultare
1197 1771 1261 1818 nou

184 1865 372 1954 gaudebant
403 1868 634 1952 Atheniensem
674 1869 798 1939 etiamsi
836 1868 936 1957 igitur
966 1868 1052 1935 illam
1086 1864 1261 1933 factionem

186 1979 300 2047 comici
325 1980 502 2050 voluissent
527 1980 695 2062 deridere,
735 1983 849 2052 victori
874 1982 994 2071 populo
1028 2001 1091 2051 non
1120 1980 1164 2047 ita
1191 1997 1262 2066 gra·

185 2097 254 2161 tum
276 2093 440 2172 fecissent.

227 2293 273 2306 -
292 2259 333 2326 ht
347 2260 433 2329 euim
448 2262 621 2350 optimates
639 2283 703 2331 non
727 2282 856 2353 semper
881 2261 956 2330 violi
982 2264 1071 2341 suut;
1102 2277 1177 2326 nam
1193 2277 1261 2325 uer·

185 2377 283 2458 gente
296 2372 336 2440 ad
351 2373 448 2443 llnem
462 2375 735 2464 Peloponnesiaco
744 2375 841 2453 bello,
855 2375 992 2443 civitatis
1005 2371 1262 2462 gubernaculum

185 2483 364 2571 arripuere.
377 2523 423 2536 -
438 2486 520 2568 Quid
543 2491 612 2555 tum
626 2487 740 2556 fecerit
757 2485 989 2576 Aristophanes
1009 2487 1076 2574 jam
1098 2483 1260 2552 diximus:

186 2615 304 2684 nempe
318 2595 393 2666 dum
410 2597 590 2668 floruerunt
610 2599 680 2679 isti,
703 2599 834 2689 jocandi
848 2599 1001 2689 facultate
1023 2597 1196 2686 adempta,
1214 2596 1262 2663 rel

186 2707 283 2787 siluit,
296 2709 346 2779 vel
359 2731 412 2779 res
426 2710 573 2800 publicas
584 2713 689 2782 lenius
698 2712 823 2804 attigit;
838 2713 1009 2782 rixantem
1024 2710 1174 2780 libertate
1184 2707 1264 2778 red-

187 2821 265 2901 dita,
284 2823 432 2915 ¹quisquis
455 2827 644 2915 popularem
664 2833 783 2897 statum
804 2826 897 2895 malis
917 2825 1042 2894 artibus
1065 2829 1098 2892 et
1120 2823 1263 2913 antiquar

187 2935 297 3005 virtuti
321 2939 491 3008 contrariis
518 2939 766 3029 impugnaverat
790 2939 922 3009 comicis
953 2936 1091 3007 stimulis
1117 2956 1265 3025 pungere

189 3048 318 3137 coepit:
343 3056 499 3121 caeterom
520 3050 672 3122 laudabili
684 3052 801 3141 patriae
825 3071 935 3120 amore
957 3049 1131 3140 impulsus,
1160 3049 1265 3118 honos

189 3165 276 3232 cives
290 3161 331 3232 ad
344 3162 552 3233 concordiam
564 3164 671 3254 potius
684 3165 846 3234 adducere
859 3162 995 3233 tentavit
1011 3182 1107 3253 quam
1121 3167 1265 3232 atrocem

190 3274 276 3344 illam
304 3295 344 3344 ac
365 3275 497 3344 minime
518 3274 686 3346 ridiculam
708 3276 1019 3367 quadringentorum
1042 3272 1267 3343 crudelitatem

191 3388 414 3477 spectantibus
443 3389 475 3456 in
502 3395 645 3460 mentem
669 3410 833 3460 revocare.
862 3393 983 3459 Eversa
1000 3392 1110 3458 autem
1133 3387 1268 3477 triginta

189 3502 331 3571 virorum
340 3504 522 3593 tyrannide,
538 3504 664 3574 eaedem
677 3523 784 3574 causae
795 3505 926 3573 fuerunt
939 3523 997 3572 cur
1009 3502 1146 3571 invisam
1158 3501 1269 3570 factio·

192 3634 281 3695 nem,
304 3637 323 3685 a
347 3617 466 3705 populo
484 3638 594 3687 rursus
609 3637 817 3707 oppressam,
842 3620 950 3706 poetae
973 3635 1037 3684 non
1050 3613 1266 3703 exagitarent.

191 3729 306 3798 Critias
327 3730 413 3798 onim
433 3736 465 3798 ot
480 3731 721 3807 Eratosthenes,
737 3737 785 3799 tot
808 3729 954 3798 caedibus
973 3727 1146 3818 inquinati,
1172 3747 1268 3816 quam

190 3845 273 3934 jocis
293 3850 326 3912 et
348 3845 519 3914 comoediae
546 3845 714 3913 materiam
739 3842 980 3932 praebuissent?
999 3845 1038 3910 nt
1057 3842 1197 3931 populus
1217 3841 1269 3907 ille
