2684 4508
587 193 746 249 -ssli-
831 226 838 237 ,

127 396 290 464 civitatem
312 391 528 482 reparandam
552 393 639 469 vius,
666 391 862 480 decretaque
884 391 968 459 intra
987 409 1113 478 paucos
1140 391 1210 458 dies

126 509 190 578 iata
202 508 345 578 vicissim
361 512 395 574 et
417 505 555 583 sublata,
575 504 608 572 in
633 505 811 572 Mulierum
825 506 969 572 eorumne
981 503 1097 573 irridet
1110 511 1134 570 ¹.
1163 506 1207 571 lta

125 623 158 690 in
173 642 298 691 summa
319 618 515 688 lascivientis
528 617 650 706 ingenii
676 617 847 696 libertate,
872 617 1021 686 eamdem
1048 616 1208 684 rationem

125 735 335 827 pertinaciter
346 733 583 824 amplectitur&

169 875 233 945 Sed
249 874 366 965 quibus
386 873 528 944 dissidiis
554 875 585 941 in
607 873 763 961 plurimas
781 873 937 941 sactiones
952 873 1065 941 seissae
1091 871 1208 940 fuerint

125 989 316 1077 optimatum
330 992 441 1075 partes
451 987 518 1073 jam
539 1003 693 1052 enarrare
713 991 845 1072 tempus
858 990 919 1052 est.

160 1415 170 1456 ¹
187 1412 326 1483 Aristoph„
341 1412 415 1469 Eccl.
430 1413 522 1484 passim
542 1414 586 1469 sed
605 1414 727 1485 precipue
744 1414 770 1469 iu
785 1431 852 1472 vers.
865 1415 915 1470 797
925 1446 939 1456 ·
949 1415 1020 1480 798,
1037 1422 1064 1470 et
1076 1416 1206 1475 aru-814.

124 1504 185 1551 ε’
204 1502 396 1572 Aristophanem
409 1502 490 1558 fatear
502 1503 528 1558 iu
543 1502 625 1559 Ruris
637 1503 680 1576 (r.
697 1504 876 1578 iada-1265)
891 1549 898 1572 ,
914 1505 945 1560 de
960 1505 1026 1561 bello
1040 1507 1153 1578 gerendo
1167 1523 1207 1563 ea·

121 1589 182 1645 dem
196 1590 308 1646 suasisse
321 1607 376 1663 quae
386 1591 497 1647 Pericles
505 1593 630 1665 pendam
644 1593 841 1649 Atheniensibus
850 1593 1045 1665 approbaverat3
1058 1584 1103 1649 sed
1118 1610 1206 1666 quum,

125 1680 254 1752 repudiata
268 1680 343 1736 toties
359 1681 472 1737 honesta
485 1679 554 1752 pacis
567 1681 750 1752 opportunitate
763 1724 770 1748 ‚
785 1681 849 1737 nihii
860 1681 914 1754 jam
928 1688 1075 1753 superesset
1090 1726 1098 1746 ,
1115 1682 1166 1738 uisi
1180 1691 1208 1738 ut

124 1767 223 1824 fortiter
235 1769 417 1834 decertaretur,
433 1775 502 1825 reete
516 1769 695 1841 Aristophanes
721 1768 892 1825 certissimum
906 1769 993 1827 hostes
1008 1769 1128 1827 riuceudi
1155 1787 1210 1826 mo·

126 1854 185 1930 dum
197 1854 295 1911 civibus
309 1854 335 1910 in
349 1862 460 1911 mentem
473 1855 613 1912 revocarit.
628 1856 753 1913 Caeterum
767 1854 792 1911 in
805 1856 853 1911 hec
865 1855 919 1927 ipse
940 1855 1055 1928 ejusdem
1077 1859 1212 1915 comoedia

126 1941 180 1997 luco
193 1984 200 2008 ‚
213 1941 359 2013 judicialem
373 1942 517 1998 mercedem
531 1943 623 1998 acriter
637 1943 781 2014 vituperat,
796 1951 822 1998 et
844 1950 965 2016 quantum
979 1943 1125 2016 reipublice
1140 1947 1210 2017 peri-

126 2028 210 2084 culum
225 2036 341 2088 servatus
354 2030 381 2086 in
399 2029 501 2086 civitate
514 2030 603 2086 efferat
616 2030 779 2095 Alcibiades,
795 2031 899 2102 poeticis
922 2031 1044 2105 quidem,
1066 2034 1112 2089 scd
1135 2034 1210 2105 piane

126 2119 262 2191 perspicuis
278 2120 363 2177 verbis
375 2120 510 2193 siguificat.
