2684 4508
587 188 746 240 ..llo-

128 388 334 459 mercaturos
352 402 488 470 quorum
514 382 545 447 iu
575 387 713 470 l'nycem
739 388 827 451 lanta
851 383 1022 452 inultitudo
1037 385 1203 463 corrrenit,

126 494 308 583 prudentiae
322 500 354 561 et
370 493 538 582 gravitatis
566 501 707 581 expers?
727 498 875 563 Attamen
901 496 1099 564 doctissimis
1125 519 1206 586 pru-

126 608 386 696 dentissimisque
411 608 534 676 civibus
569 607 763 696 disputando
790 609 941 676 resistere
966 630 1030 678 non
1059 609 1203 688 dubitas,

125 743 206 812 quos
220 722 316 790 etiarn
332 741 421 809 saepe
436 721 593 808 sapientia
608 722 721 789 vincis.
749 725 796 789 Nc
819 721 1018 792 inconditam
1042 735 1124 812 ergo
1145 730 1206 791 tur·

124 838 200 906 barn
215 835 373 903 metuas¹.
394 861 408 896 s
435 834 545 903 Paruit
563 834 687 901 Socrati
707 834 906 913 Charmides,
924 841 957 903 et
971 835 1057 904 iuter
1073 839 1219 930 optima-¹

125 964 193 1024 tum
208 955 308 1023 duces
322 955 365 1022 ita
380 953 534 1031 eminuit,
552 959 588 1021 ut
601 972 685 1020 unus
697 973 736 1019 cx
748 952 862 1020 decem
876 952 953 1019 viris
975 953 1074 1019 luerit
1096 954 1151 1041 qui
1177 955 1207 1020 iu

125 1070 230 1136 Piraeo
245 1068 376 1156 triginta
393 1066 538 1156 tyrannis
557 1065 693 1154 subjecti
712 1065 921 1151 imperarunt,
940 1070 973 1131 ct
995 1085 1055 1152 pro
1080 1087 1208 1154 pauco-

124 1200 195 1248 rum
210 1180 427 1248 dominatione
447 1198 596 1267 pugnans
611 1178 767 1246 interierit
777 1188 802 1244 ².
815 1181 851 1245 ln
866 1178 1007 1245 hisvero
1021 1199 1097 1267 quae
1114 1181 1208 1248 modo

125 1294 292 1362 retulimus
303 1293 422 1371 verbis,
443 1313 549 1360 nonne
565 1312 676 1360 rursus
690 1298 827 1380 apparet
841 1312 938 1380 quam
952 1293 1043 1379 parvi
1058 1294 1209 1361 multitu-

124 1407 209 1476 dinis
239 1407 387 1494 [ieritiam
411 1406 551 1474 aestimet
577 1409 752 1473 Socrates?
774 1405 963 1493 Hujusmodi
990 1406 1141 1475 lromiues
1167 1409 1208 1474 nil

124 1527 213 1590 recte
226 1521 333 1589 lacere
347 1541 443 1609 posse
456 1520 641 1598 arbitratur,
666 1520 725 1586 nisi
739 1518 937 1587 doctioribus
952 1519 984 1585 iu
998 1521 1087 1587 omni
1103 1541 1139 1589 re
1156 1522 1209 1589 ob

124 1640 318 1722 temperent.
333 1634 547 1702 Athenienses
568 1639 676 1701 autem
692 1633 754 1700 boc
768 1632 931 1719 praecipuc
945 1633 1022 1701 vitio
1042 1634 1206 1714 laborant,

125 1747 209 1837 quod
226 1748 258 1814 iu
280 1746 405 1816 bellicis
428 1746 674 1834 forensibusque
689 1744 828 1833 negotiis
843 1744 1071 1832 prudentiores
1099 1747 1209 1816 audire

126 1862 254 1940 nolunt,
277 1867 310 1928 et
323 1860 482 1927 doctrinae
497 1859 669 1947 eximiique
691 1856 812 1946 ingenii
830 1858 1057 1927 auctoritatem
1081 1862 1171 1951 sequi
1185 1870 1206 1939 ³,

124 1994 221 2064 quam
243 1973 372 2063 quidem
399 1973 541 2042 Socratis
571 1972 719 2061 discipuli
748 1972 798 2039 vel
824 1971 960 2060 adipisci
997 1973 1131 2054 debent,
1161 1977 1209 2045 vel

126 2092 214 2154 certe
230 2085 359 2153 mereri.
381 2089 482 2153 «Non
512 2084 598 2152 enim
623 2084 676 2152 ille
690 2103 747 2151 rex
768 2082 819 2152 vel
842 2083 1052 2173 magistratus
1066 2093 1128 2166 est,
1157 2089 1209 2178 qui

126 2204 254 2288 sceptra
267 2200 369 2288 gerit,
386 2198 436 2268 vel
460 2220 482 2265 u
495 2199 681 2284 quibuslibet
694 2198 817 2264 electus
844 2202 905 2276 est,
922 2197 972 2266 vel
996 2206 1085 2268 sorte
1106 2199 1211 2289 desig·

127 2321 232 2392 natus
257 2311 307 2380 vel
335 2313 365 2382 vi
391 2333 430 2380 ao
456 2311 581 2380 fallacia
606 2311 777 2398 imperium
801 2310 954 2400 adeptus,
985 2313 1042 2380 scd
1064 2315 1120 2402 qui
1144 2314 1211 2381 im-

126 2428 262 2516 perandi
277 2434 380 2495 artem
400 2427 498 2494 novit.
516 2431 583 2495 Nec
595 2426 739 2515 regentis
761 2433 811 2494 est
829 2428 983 2539 quidquid
1001 2430 1063 2498 sibi
1083 2431 1211 2500 libuerit

125 2541 258 2628 jubere,
277 2540 334 2608 sed
347 2560 420 2628 quae
435 2540 542 2626 reipsa
557 2538 704 2606 facienda
722 2544 831 2608 sunt⁴.
862 2568 875 2602 »

172 2685 236 2750 Cur
259 2686 367 2748 autem
390 2684 540 2748 Socrates
553 2681 728 2749 Alcibiadis
742 2689 753 2726 ⁵
768 2681 913 2769 vestigiis
927 2687 994 2748 tam
1019 2683 1132 2751 sedulo
1156 2684 1210 2751 in-

128 2799 202 2872 stat,
220 2798 253 2861 et
274 2793 450 2881 superbum
476 2793 714 2882 Eutlrydemum
737 2813 839 2882 usque
857 2793 890 2860 in
904 2795 1100 2884 ephippiarii
1115 2797 1211 2864 ollici·

129 2927 205 2974 nam
221 2907 422 2974 insectatur?
436 2909 559 2993 Nempe
577 2906 727 2994 providet
750 2926 806 2974 eos
828 2927 980 2995 magnam
1002 2909 1088 2997 apud
1113 2930 1210 2998 popu·

130 3021 197 3087 lum
210 3019 349 3107 gratiam
361 3038 506 3106 quaerere
520 3023 553 3084 et
577 3018 653 3085 olim
668 3018 860 3106 adepturos;
878 3040 941 3108 qua
966 3042 1008 3089 ue
1023 3023 1206 3099 abutantur,

130 3133 269 3220 publirae
282 3131 354 3199 illos
375 3131 520 3199 utilitatis
543 3138 576 3199 et
591 3133 714 3219 peritos
737 3132 832 3199 simul
855 3138 888 3200 et
904 3133 1066 3202 studiosos
1083 3138 1211 3204 efficere

131 3249 245 3312 tentat.
262 3248 332 3312 Non
347 3245 414 3333 pati
429 3250 536 3331 potest
560 3250 595 3310 ut
613 3250 746 3332 propter
767 3246 1051 3332 pulchritudinem,
1070 3250 1211 3337 opulen-

263 3491 374 3498 ---.--

168 3683 178 3711 ¹
197 3682 334 3752 llcnopb.,‚
351 3680 499 3746 Memorab,
524 3683 554 3736 L.
570 3681 612 3745 lll,
628 3698 650 3734 c.
669 3681 693 3735 Ι.
716 3699 744 3719 =
765 3684 777 3720 2
795 3681 843 3740 ΙΙΙ,
861 3680 971 3744 Hellen,
1001 3684 1029 3737 L.
1052 3683 1082 3746 ll,
1100 3700 1122 3737 o.
1139 3684 1163 3735 l.
1181 3704 1206 3724 =

132 3767 142 3795 ⁸
162 3767 211 3831 ld,
227 3767 377 3829 Memorat„
397 3767 424 3821 L.
440 3767 484 3831 ΙΙΙ,
500 3784 523 3821 c.
539 3766 604 3837 filiu
621 3767 743 3838 colloquio
758 3767 867 3822 Socratis
879 3784 935 3822 cum
957 3769 1062 3824 Periclis
1077 3770 1129 3823 llio
1150 3768 1157 3838 )
1177 3787 1207 3811 =

131 3859 141 3887 ⁴
162 3859 209 3922 ld..
247 3857 320 3923 ibid,
341 3860 370 3914 L.
392 3858 434 3923 lll,
450 3874 473 3913 c.
489 3858 516 3914 9,
531 3859 587 3906 =.⁶
608 3856 672 3913 Plat.
690 3857 769 3912 Alcib.
783 3859 866 3929 prior.
