2684 4508
589 187 750 240 —llss-

124 384 236 451 similis
248 383 301 471 qui
312 384 378 469 jain
392 382 582 469 divagantes
599 399 698 468 equos
712 401 774 449 non
790 380 830 446 ad
845 399 994 447 earoeres
1006 379 1204 449 stabulumre

124 499 269 576 revocat,
299 496 354 565 sed
384 497 424 562 ad
452 496 586 562 tirmiter
610 493 804 563 currendum
828 493 1009 562 stimulatos
1040 494 1204 562 tutissima

124 613 187 681 viae
209 610 362 679 immittit.

170 755 237 819 Nee
249 756 374 817 tantum
388 749 531 837 privatos
540 751 695 837 juvenum
711 768 818 816 mores
850 748 1038 836 corrigebat
1061 747 1205 836 philoso-

124 864 211 951 phiae
227 861 279 929 ille
297 866 401 949 pater,
420 861 469 930 vel
484 860 526 928 de
541 861 681 929 humana
694 861 865 950 divinaque
888 867 1002 928 natura
1023 860 1205 928 sublimiora

125 996 194 1054 eos,
211 974 358 1064 quamvis
388 994 448 1042 usu
478 974 608 1061 paulum
634 972 855 1050 abhorrentia,
885 973 1024 1041 serutari
1048 973 1217 1066 jubebatr

125 1089 181 1158 sed
197 1087 238 1157 ad
251 1087 486 1175 capessendam
502 1087 737 1176 rempublicam
752 1087 931 1176 paratiores
946 1087 1090 1156 faciebat
1101 1087 1207 1176 aptio-

125 1226 253 1294 resque.
277 1204 406 1274 Nullum
420 1205 490 1292 ipse
503 1204 564 1274 sihi
579 1224 707 1284 munus,
724 1204 846 1272 nullum
859 1204 1088 1293 magistratum
1116 1225 1208 1294 appe

126 1318 187 1398 tiit,
214 1340 276 1388 nee
299 1316 429 1407 publiea
458 1318 588 1406 negotia
618 1318 708 1406 prius
741 1317 858 1405 attigit,
889 1336 987 1406 quam
1014 1319 1208 1386 senatoriam

125 1433 319 1522 dignitatem
339 1431 473 1500 sortitus
490 1437 588 1500 esset.
625 1430 841 1521 Exprobranti
867 1436 977 1498 tamen
1000 1429 1207 1520 Antiphonti*

123 1545 208 1635 quod
232 1545 395 1613 divitatem
418 1564 535 1633 regere
560 1545 609 1613 vel
626 1543 820 1612 oonvoeatis
839 1543 964 1613 civibus
978 1544 1113 1614 eonsilia
1134 1545 1208 1613 dare

123 1678 187 1726 non
211 1658 321 1727 studet
350 1681 358 1726 :
388 1661 502 1728 Utrum
518 1657 633 1725 melius
647 1656 688 1724 de
703 1655 807 1745 patria
822 1677 960 1736 merear,
976 1658 1091 1747 inquit,
1120 1677 1208 1726 rem-

125 1771 291 1861 publicam
319 1772 407 1841 solus
434 1771 627 1850 tractando,
656 1791 697 1839 an
725 1791 823 1857 quarn
848 1773 1007 1858 plurimos
1033 1775 1209 1842 tractanda

126 1906 220 1972 pares
246 1885 442 1955 effieiendo‘?

298 2143 315 2237 ᾗ
342 2142 375 2213 l.
402 2181 451 2196 -
477 2142 569 2227 Quid
586 2142 627 2215 de
644 2142 823 2239 republica
847 2145 1028 2217 censuerit.

172 2388 233 2456 Hie
265 2386 471 2473 praesertim,
511 2387 537 2453 si
574 2386 816 2476 philosophicas
852 2387 1089 2476 disputationes
1128 2389 1210 2458 ferre

129 2499 290 2589 potuisset
305 2498 561 2586 Aristophanes,
596 2519 671 2567 eum
696 2502 829 2568 Socrate
858 2500 952 2569 facile
979 2503 1208 2582 eonsensisset.

130 2611 243 2701 Populi
267 2610 355 2679 enim
372 2610 589 2681 temeritatem
603 2618 637 2680 et
650 2632 706 2680 eas
720 2613 810 2700 leges
823 2633 897 2701 quae
910 2613 1087 2683 temeritati
1106 2615 1213 2684 favent

130 2729 280 2794 Socrates
315 2744 479 2814 nunquam
511 2724 671 2812 probavit.
709 2731 745 2794 ln
783 2726 926 2794 seeundo
958 2728 1082 2796 scilieet
1119 2749 1213 2798 corn-

129 2837 360 2907 mentariorum
399 2839 505 2925 eapite
550 2831 708 2927 Xenopho
745 2847 978 2910 aoousatorem
1002 2843 1103 2911 refert
1138 2843 1212 2911 vitio

129 2952 172 3019 illi
203 2950 332 3019 dedisse
367 2948 451 3039 quod
489 2950 604 3038 patriae
646 2971 715 3020 suae
750 2953 841 3040 leges
878 2961 912 3020 et
953 2953 1024 3042 ipse
1062 2963 1214 3025 oontem-

132 3066 508 3136 neretetaliosdooeret
533 3070 752 3135 contemnere.
785 3095 799 3129 «
827 3072 920 3137 Hune
945 3090 1082 3150 morem,
1113 3072 1214 3162 inquit

129 3181 276 3259 Meletus,
295 3200 425 3268 semper
439 3179 619 3259 deridebat,
638 3201 701 3269 quo
716 3182 925 3273 magistratus
939 3205 978 3253 ae
990 3185 1123 3274 publiea
1138 3206 1215 3254 mu-

132 3314 209 3362 nera
239 3293 326 3362 eires
355 3293 555 3375 sortiuntur3
582 3299 713 3363 nautam
738 3315 855 3384 nempe
881 3297 931 3364 vel
955 3297 1214 3387 dispensatorem

133 3425 221 3487 sorte
236 3416 309 3485 duei
323 3417 493 3486 ridiculum
508 3417 638 3487 dicebat
652 3442 659 3500 ;
684 3426 804 3506 quanto
829 3420 934 3507 magis
954 3412 1102 3507 ἄρχοντα
1122 3422 1213 3511 judi-

135 3663 365 3682 „a

167 3855 176 3883 ¹
197 3856 323 3926 Xenoph,
339 3854 488 3920 illemornh,
508 3855 538 3908 l„
554 3855 572 3920 l,
590 3874 612 3912 e.
630 3857 646 3910 d
661 3856 686 3910 in
702 3858 759 3912 tine.
