2684 4508
597 252 633 262 -
652 225 685 276 m
705 252 739 262 --

126 419 251 516 (inerti
267 417 365 500 ξενίας
377 417 555 489 κατάὐτοῢ
568 417 728 512 γραφήν...
744 420 796 487 uod
812 416 862 488 ὅτε
876 418 903 488 ἐν
918 418 1112 513 δράματι...)
1128 429 1207 495 duas

126 539 348 607 accusationes
361 544 416 606 aut
431 558 505 616 una,
522 544 577 606 aut
589 539 704 606 eodem
719 558 820 626 prope
843 545 991 627 tempore
1004 542 1086 608 latas
1107 546 1207 609 esset

125 657 196 721 Non
217 659 292 720 ante
310 652 408 740 igitur
422 652 530 721 Cleoni
556 653 726 720 manifesto
744 659 777 722 et
795 654 828 719 in
846 660 1039 741 perpetuum
1060 651 1209 721 iuimicus

126 766 230 833 fuctus
243 770 303 843 cst,
320 785 417 852 quam
434 765 539 852 ipsum
564 768 672 843 orator
686 768 870 855 peregrine
886 767 1021 855 originis
1046 774 1080 835 et
1103 769 1204 845 laesae‚

126 885 163 946 ut
177 878 220 945 ita
241 877 356 956 dicam,
383 877 630 965 magistratuum
645 899 684 946 ac
703 878 811 966 populi
831 880 1008 969 majestatis
1030 879 1205 947 accusavit.

127 998 168 1064 tt
194 1014 280 1063 nunc
299 1015 446 1084 graecum
464 996 674 1084 interpretem
700 998 953 1065 Actorumsium
979 998 1161 1076 audiamus,
1190 1018 1206 1063 a

127 1128 190 1204 quo
207 1106 396 1180 docebimur
409 1128 506 1203 quam
530 1113 655 1195 partem
678 1109 710 1176 in
725 1109 786 1177 liae
808 1111 1033 1197 magistratum
1060 1110 1208 1187 irrisione

128 1222 215 1299 Cleo,
233 1220 439 1310 Aristophani
458 1227 628 1293 nonantea
647 1222 807 1301 inimicus,
821 1223 990 1295 hahuerit:
1016 1251 1030 1285 «
1045 1228 1081 1298 Iu
1094 1227 1207 1311 Baby-

128 1334 229 1410 lom'in
252 1331 366 1419 iuquit,
390 1331 599 1418 magistratus
623 1351 737 1398 omnes
767 1352 825 1400 seu
852 1338 949 1410 sorte,
965 1352 1022 1400 seu
1045 1333 1208 1422 suffragiis

127 1450 264 1522 creatos,
280 1443 499 1532 praesentibus
521 1444 665 1522 advenis
694 1437 794 1513 irrisit
811 1446 1055 1534 Aristophanes.
1076 1447 1124 1514 Oh
1148 1445 1208 1514 lioc

128 1560 228 1626 iratus
240 1558 315 1629 Cleo
338 1557 465 1646 injuriae
493 1578 572 1647 erga
595 1559 681 1626 cives
708 1580 781 1627 eum
803 1559 978 1636 accusavit,
1009 1560 1100 1647 quasi
1115 1579 1154 1626 ea
1176 1560 1208 1625 in

104 1701 106 1707 ¹
128 1670 238 1760 populi
261 1669 489 1738 contumeliam
516 1669 657 1737 fecisset.
685 1670 929 1758 peregrinitatis
952 1691 1026 1738 eum
1047 1677 1208 1759 praeterea

128 1796 340 1875 insimulavit,
370 1802 403 1867 et
429 1796 461 1863 iu
487 1795 639 1886 iudiciale
664 1803 829 1871 certamen
850 1796 976 1874 induxit
1020 1786 1095 1885 (xcii
1111 1783 1209 1871 ξενίας

129 1911 164 1986 δὲ
189 1907 288 1983 αὐτόν
302 1907 468 2005 ἐγράψατο
483 1911 533 1978 >cai
552 1911 591 1991 εἷς
610 1912 741 1994 ἀγῶνας
758 1908 895 1983 {cedato
915 1909 962 2006 )¹·
1000 1922 1207 2005 compertum

126 2032 270 2119 igiturac
280 2029 485 2103 menifestum
495 2030 673 2100 habeamus
685 2030 1079 2123 Aristophanempriorem
1088 2028 1208 2099 bellum

126 2143 290 2220 indixisse,
307 2141 393 2210 nulla
407 2141 556 2230 privatim
578 2127 755 2219 ulciscendi
770 2143 922 2232 cupidine
937 2143 1131 2243 impulsum;
1156 2143 1172 2209 f
1187 2181 1209 2192 -

127 2262 254 2329 teamur
281 2262 391 2329 tamen
411 2254 538 2325 Cleonis
557 2257 821 2341 accusationibus
846 2255 956 2331 odium
971 2263 1078 2352 poetae
1104 2256 1210 2349 magis

126 2387 301 2445 accensum
315 2373 348 2441 et
359 2367 483 2460 pectori
497 2367 593 2441 altius
607 2363 742 2441 infixum
756 2368 866 2441 fuisso.
883 2372 1045 2441 Caeterum
1060 2388 1122 2443 nec
1130 2368 1206 2463 ipsi,

128 2502 189 2556 nee
200 2481 370 2574 praecipuo
392 2480 574 2562 fabularum
589 2482 658 2571 eius
673 2482 774 2556 actori
792 2481 972 2559 Callistrato
993 2481 1106 2560 furiosi
1129 2502 1210 2553 ore-

128 2596 208 2669 toris
227 2594 276 2669 ira
288 2593 419 2675 nocuit3
442 2593 598 2670 adversus
619 2594 706 2669 enim
725 2595 886 2671 delatores
902 2596 1124 2685 gratissimum
1147 2596 1208 2673 sibi

127 2713 161 2783 et
173 2707 436 2796 acceptissimum
448 2713 578 2796 poetam
593 2714 725 2786 senatus
738 2709 941 2806 populusque
955 2710 1006 2781 bis
1019 2715 1133 2801 terque
1146 2709 1210 2785 de-

127 2822 335 2906 lenocinari
353 2827 422 2895 Hoc
434 2824 545 2897 lavore
566 2823 678 2906 fretus,
691 2824 811 2913 duplex
819 2825 924 2913 primo
937 2845 1019 2912 opus
1031 2811 1210 2921 perficieri-

124 2935 204 3011 dum
223 2935 386 3029 suscepit,
426 2935 528 3010 Niciae
561 2940 660 3025 atoue
679 2937 888 3031 optimatibus
906 2936 1000 3014 velte
1018 2937 1206 3024 probatum

127 3050 250 3127 scilicet
263 3055 299 3121 ut
309 3050 349 3119 ad
360 3071 475 3143 pacem
488 3071 561 3119 oum
575 3051 830 3127 Lacedaemoniis
840 3051 1043 3147 iungendam
1054 3050 1209 3147 populum

126 3164 307 3247 inclinaret,
322 3169 357 3237 et
371 3166 522 3239 Cleonem
535 3165 607 3257 paci
628 3164 889 3243 infensissimum,
908 3164 1113 3241 contumeliis
1125 3184 1210 3235 one·
1238 3227 1240 3232 .

125 3282 244 3361 ratum,
265 3279 353 3353 otoni
363 3279 481 3369 gratie,
499 3279 587 3352 omni
599 3278 792 3353 auctoritate
807 3278 973 3373 spoliaret.

168 3899 179 3928 ¹
198 3901 256 3956 Seli.
271 3899 396 3962 Auluru.;
413 3916 437 3954 v.
455 3899 587 3956 alc-380.
610 3916 639 3936 =
666 3905 678 3938 ‘²
696 3899 828 3973 Aituopt.
844 3900 888 3956 trit.
905 3900 936 3957 ab
952 3890 1034 3957 iinon.
1051 3957 1055 3966 ,
