2684 4508
579 251 720 301 ..0¹—

153 448 224 511 lam
248 442 500 511 Acharnensium
525 443 649 511 Atticus
667 448 700 511 et
721 440 981 512 Marathoniacus
999 442 1105 511 fervor
1129 464 1188 512 rc-

111 557 232 640 frixit¹;
249 557 321 646 quis
333 556 419 625 enirn
434 556 474 625 ad
484 553 684 627 Athenarum
695 557 795 626 decus
811 557 933 626 referre
943 561 1035 645 putet
1051 556 1078 626 si
1092 557 1188 626 trium

111 677 292 741 scortorum
319 690 465 750 causam,
490 676 524 738 et
539 670 718 740 delatorum
742 669 926 748 mendacia,
951 674 984 739 et
1005 671 1189 760 tyrannicas
1323 704 1325 708 ·

109 783 242 853 Periclis
255 781 405 852 libidines
419 789 516 871 atque
533 782 597 851 iras
610 783 708 851 armis
726 783 814 851 cives
829 782 1030 852 sustineant?
1044 781 1107 852 Sed
1123 787 1191 851 La-

110 894 245 964 machus
259 900 419 983 superest,
436 915 501 962 non
519 894 758 963 convincendus
772 894 913 983 quidem,
935 901 968 963 at
985 895 1030 963 ita
1045 895 1191 964 refellen-
1320 896 1323 901 ’

111 1005 182 1084 dus,
198 1011 234 1074 ut
248 1008 317 1094 ejus
336 1004 431 1073 minis
447 1011 479 1074 et
497 1005 734 1075 hortationibus
750 1023 845 1073 nemo
853 1006 921 1094 iarn
936 1004 977 1072 ad
990 1005 1112 1074 bellum
1126 1025 1190 1073 rno-
1292 1080 1295 1088 ,

111 1125 235 1187 ventur.
259 1120 360 1208 liujus
374 1120 600 1187 auctoritatem
622 1139 685 1187 una
710 1139 807 1188 scena
828 1119 1011 1196 labefactat,
1041 1119 1105 1188 imo
1127 1107 1192 1188 'dis-

111 1233 205 1302 solvit
226 1233 470 1322 Aristophanes,
497 1233 547 1301 his
568 1232 692 1302 artibus
714 1252 802 1311 usus,
828 1251 908 1321 quas
931 1232 963 1299 in
982 1233 1192 1301 multosalios

111 1348 288 1413 convertet.
308 1344 488 1413 Ridiculum
503 1345 606 1434 primo
626 1344 714 1414 illum
729 1344 855 1433 effingit
871 1344 960 1413 inani
973 1344 1146 1434 jactantia,
1159 1351 1192 1412 ct

111 1459 208 1525 stulto
221 1457 376 1525 tumultus
390 1476 511 1535 amore,
525 1461 558 1524 et
570 1457 661 1525 vanis
671 1456 858 1545 clypeorum
872 1455 1107 1545 cristarumque
1118 1460 1192 1524 ter-

111 1570 232 1650 riculis,
250 1591 324 1659 quae
338 1571 436 1638 etiam
459 1570 491 1637 in
513 1569 600 1639 cives
613 1569 755 1638 inermes
767 1575 941 1639 concutere
951 1569 1104 1659 gaudet².
1119 1571 1192 1639 Mox

112 1683 242 1773 longius
253 1682 445 1774 procedens,
463 1684 524 1753 sub
535 1682 691 1772 jactantia
706 1681 767 1750 ista
781 1681 947 1750 avaritiam
962 1681 1193 1771 mollitiamque

112 1796 266 1868 latentem
285 1795 409 1886 detegit
430 1800 526 1886 pocta
548 1820 555 1865 :
574 1795 699 1867 scilicet
720 1814 786 1864 non
807 1795 891 1867 bello
906 1796 977 1885 ipso
995 1793 1191 1867 Lamachum

110 1909 267 2000 gaudere,
283 1910 339 1979 sed
355 1910 432 1979 belli
446 1909 597 1979 mercede
610 1914 643 1978 et
655 1908 823 1988 fructibus,
838 1909 979 1998 dumque
991 1908 1062 1978 aliis
1078 1908 1192 1986 duram

112 2023 258 2095 militiam
272 2028 305 2092 et
318 2024 445 2112 praemii
458 2028 624 2113 expertem
638 2023 771 2113 linquat,
785 2023 891 2112 ipsum
901 2021 962 2092 sibi
977 2027 1010 2091 et
1019 2020 1193 2111 juvenibus

112 2137 226 2231 amicis
232 2141 433 2226 quaestuosas
444 2136 622 2225 legationes
634 2136 805 2206 desumere
815 2133 869 2205 ubi
883 2133 1192 2213 emendicisdivites

113 2250 220 2322 subito
235 2248 372 2319 evadere
386 2249 540 2340 possint³.
557 2252 667 2338 Neque
681 2248 731 2317 his
745 2247 892 2322 terminis
904 2267 940 2317 se
952 2246 1096 2325 continet
1106 2246 1192 2319 hris-

110 2362 263 2454 tophanis
291 2363 437 2437 audacia.
453 2363 552 2433 ·lllam
576 2363 663 2433 enim
684 2367 880 2452 potestatem
904 2383 967 2452 qua
993 2360 1191 2435 Lamachum

111 2477 222 2570 populi
236 2477 390 2566 suffragia
405 2477 589 2557 induerunt,
605 2496 669 2545 uno
693 2453 908 2565 proterveque
922 2475 1022 2545 verbo
1037 2473 1078 2544 ad
1098 2472 1190 2543 nihi-

112 2592 179 2662 lum
194 2590 312 2681 redigit
328 2614 336 2659 :
355 2616 369 2652 «
387 2594 431 2660 Te
446 2590 626 2680 elegerunt,
642 2589 756 2678 inquit,
773 2588 877 2658 cuculi
892 2593 991 2656 tres⁴.
1008 2614 1020 2650 s

157 2732 198 2799 ht
216 2733 323 2819 poetae
346 2733 475 2816 tempus
494 2732 564 2795 erat
588 2727 620 2794 in
635 2725 818 2814 hujusmodi
843 2724 1002 2795 curriculo
1027 2726 1191 2816 paulisper

113 2842 308 2924 consistere
324 2839 434 2912 Cleoni
451 2840 537 2908 enim
553 2845 584 2907 et
598 2838 797 2908 delatoribus
811 2858 923 2909 ansam
938 2838 1119 2927 praebebat,
1136 2840 1190 2929 qui

113 2959 223 3048 populi
249 2959 452 3048 majestatem
477 2957 518 3025 ab
542 2975 581 3024 eo
607 2954 717 3024 violari
740 2955 992 3026 contendebant.
1020 2958 1100 3025 llaec
1113 2975 1190 3025 vero
1265 3047 1268 3054 Ι

114 3072 249 3142 crimina
263 3076 382 3162 quanta
397 3070 569 3140 calliditate
592 3069 686 3139 simul
706 3074 738 3138 et
754 3074 875 3159 quanto
895 3068 1005 3158 lepore
1018 3066 1127 3140 diluitl
1148 3071 1190 3139 Se

114 3186 224 3275 populi
237 3191 492 3274 contemptorem
508 3204 571 3253 non
588 3204 661 3254 esse
673 3183 852 3275 profitetur,
870 3202 932 3255 nec
947 3182 1111 3272 publicum
1126 3184 1190 3256 de-

115 3299 261 3379 risorem,
278 3299 334 3369 sed
349 3299 540 3368 monitorem
555 3285 712 3378 sedulum,
725 3297 856 3388 optimis
871 3280 1067 3387 instructum
1077 3299 1191 3371 consi-

114 3412 165 3481 liis
178 3433 252 3501 quae
265 3412 552 3482 civibusbenevola
566 3411 757 3481 liberalitate
770 3410 946 3500 largiatur:
966 3430 1002 3481 se
1018 3411 1104 3480 enirn
1117 3432 1190 3480 auo

113 3649 361 3660 -φ

152 3825 318 3896 1hristoph.,
335 3822 499 3889 Aednrn.,r.
517 3823 647 3883 ooo-561.
675 3839 702 3862 ¹
731 3822 744 3865 ²
771 3824 818 3890 ld,
856 3823 929 3890 ibid,
954 3841 978 3880 v.
1000 3820 1129 3879 sas-590.
1160 3842 1192 3869 =·-

116 3915 200 3980 'ld,
235 3910 655 3982 ibid.,v.aoo-615.·⁴1l.‚
694 3911 766 3978 ibid,
789 3911 892 3968 abbi.
1019 3900 1021 3905 ’
