<?xml version="1.0" encoding="UTF-8"?>
<!DOCTYPE html PUBLIC "-//W3C//DTD XHTML 1.0 Transitional//EN"
    "http://www.w3.org/TR/xhtml1/DTD/xhtml1-transitional.dtd">
<html xmlns="http://www.w3.org/1999/xhtml" xml:lang="en" lang="en">
 <head>
  <title>
</title>
<meta http-equiv="Content-Type" content="text/html;charset=utf-8" />
  <meta name='ocr-system' content='tesseract 3.04.00' />
  <meta name='ocr-capabilities' content='ocr_page ocr_carea ocr_par ocr_line ocrx_word'/>
</head>
<body>
  <div class='ocr_page' id='page_1' title='image "./quaeinatticarep00trgoog_0137.png"; bbox 0 0 2684 4508; ppageno 0'>
   <div class='ocr_carea' id='block_1_1' title="bbox 625 197 770 250">
    <p class='ocr_par' dir='ltr' id='par_1_1' title="bbox 625 197 770 250">
     <span class='ocr_line' id='line_1_1' title="bbox 625 197 770 250; baseline 0 -1"><span class='ocrx_word' id='word_1_1' title='bbox 625 228 652 235; x_wconf 84' lang='grc'>-</span> <span class='ocrx_word' id='word_1_2' title='bbox 678 197 726 250; x_wconf 81' lang='lat' dir='ltr'><strong>rur</strong></span> <span class='ocrx_word' id='word_1_3' title='bbox 748 228 770 234; x_wconf 85' lang='lat'><strong>--</strong></span> 
     </span>
    </p>
   </div>
   <div class='ocr_carea' id='block_1_2' title="bbox 160 391 1230 594">
    <p class='ocr_par' dir='ltr' id='par_1_2' title="bbox 160 391 1230 594">
     <span class='ocr_line' id='line_1_2' title="bbox 160 391 1230 483; baseline -0.006 -20"><span class='ocrx_word' id='word_1_4' title='bbox 160 402 286 483; x_wconf 85' lang='lat' dir='ltr'><strong>partem</strong></span> <span class='ocrx_word' id='word_1_5' title='bbox 301 394 506 481; x_wconf 78' lang='lat' dir='ltr'><strong>interpretari</strong></span> <span class='ocrx_word' id='word_1_6' title='bbox 520 400 634 471; x_wconf 89' lang='lat' dir='ltr'><strong>tentet,</strong></span> <span class='ocrx_word' id='word_1_7' title='bbox 662 393 748 460; x_wconf 96' lang='lat' dir='ltr'><strong>nullo</strong></span> <span class='ocrx_word' id='word_1_8' title='bbox 772 400 880 460; x_wconf 83' lang='lat' dir='ltr'><strong>temen</strong></span> <span class='ocrx_word' id='word_1_9' title='bbox 903 391 1072 459; x_wconf 76' lang='lat' dir='ltr'><strong>mendesio</strong></span> <span class='ocrx_word' id='word_1_10' title='bbox 1098 392 1230 480; x_wconf 79' lang='lat' dir='ltr'><strong>iniquum</strong></span> 
     </span>
     <span class='ocr_line' id='line_1_3' title="bbox 163 507 452 594; baseline -0.01 -21"><span class='ocrx_word' id='word_1_11' title='bbox 163 507 285 573; x_wconf 87' lang='lat' dir='ltr'><strong>erimen</strong></span> <span class='ocrx_word' id='word_1_12' title='bbox 298 525 452 594; x_wconf 82' lang='lat' dir='ltr'><strong>purgare.</strong></span> 
     </span>
    </p>
   </div>
   <div class='ocr_carea' id='block_1_3' title="bbox 159 647 1321 2778">
    <p class='ocr_par' dir='ltr' id='par_1_3' title="bbox 159 647 1253 1181">
     <span class='ocr_line' id='line_1_4' title="bbox 177 647 1236 736; baseline -0.001 -21"><span class='ocrx_word' id='word_1_13' title='bbox 177 678 180 683; x_wconf 49' lang='lat'><strong>⁴</strong></span> <span class='ocrx_word' id='word_1_14' title='bbox 206 653 292 736; x_wconf 81' lang='lat' dir='ltr'><strong>Ergo</strong></span> <span class='ocrx_word' id='word_1_15' title='bbox 307 647 454 736; x_wconf 89' lang='lat' dir='ltr'><strong>publieos</strong></span> <span class='ocrx_word' id='word_1_16' title='bbox 464 652 605 728; x_wconf 84' lang='lat' dir='ltr'><strong>Deorum</strong></span> <span class='ocrx_word' id='word_1_17' title='bbox 620 648 701 716; x_wconf 91' lang='lat' dir='ltr'><strong>ritus</strong></span> <span class='ocrx_word' id='word_1_18' title='bbox 714 668 832 736; x_wconf 84' lang='lat' dir='ltr'><strong>magne</strong></span> <span class='ocrx_word' id='word_1_19' title='bbox 847 647 1005 715; x_wconf 83' lang='lat' dir='ltr'><strong>modestia</strong></span> <span class='ocrx_word' id='word_1_20' title='bbox 1019 667 1098 715; x_wconf 92' lang='lat' dir='ltr'><strong>usus</strong></span> <span class='ocrx_word' id='word_1_21' title='bbox 1113 651 1163 715; x_wconf 91' lang='lat' dir='ltr'><strong>est</strong></span> <span class='ocrx_word' id='word_1_22' title='bbox 1175 650 1236 714; x_wconf 88' lang='lat' dir='ltr'><strong>So-</strong></span> 
     </span>
     <span class='ocr_line' id='line_1_5' title="bbox 160 762 1237 851; baseline -0.003 -20"><span class='ocrx_word' id='word_1_23' title='bbox 160 770 277 832; x_wconf 79' lang='lat' dir='ltr'><strong>crates.</strong></span> <span class='ocrx_word' id='word_1_24' title='bbox 300 767 336 830; x_wconf 96' lang='lat' dir='ltr'><strong>ln</strong></span> <span class='ocrx_word' id='word_1_25' title='bbox 350 762 415 829; x_wconf 85' lang='lat' dir='ltr'><strong>eris</strong></span> <span class='ocrx_word' id='word_1_26' title='bbox 430 782 521 831; x_wconf 83' lang='lat' dir='ltr'><strong>seore</strong></span> <span class='ocrx_word' id='word_1_27' title='bbox 536 764 622 840; x_wconf 83' lang='lat' dir='ltr'><strong>feeit,</strong></span> <span class='ocrx_word' id='word_1_28' title='bbox 639 768 672 831; x_wconf 87' lang='lat' dir='ltr'><strong>et</strong></span> <span class='ocrx_word' id='word_1_29' title='bbox 686 784 784 851; x_wconf 89' lang='lat' dir='ltr'><strong>quum</strong></span> <span class='ocrx_word' id='word_1_30' title='bbox 800 783 903 850; x_wconf 85' lang='lat' dir='ltr'><strong>peuee</strong></span> <span class='ocrx_word' id='word_1_31' title='bbox 927 762 1121 850; x_wconf 77' lang='lat' dir='ltr'>possideret,</span> <span class='ocrx_word' id='word_1_32' title='bbox 1140 780 1237 848; x_wconf 83' lang='lat' dir='ltr'><strong>pouee</strong></span> 
     </span>
     <span class='ocr_line' id='line_1_6' title="bbox 159 861 1243 964; baseline -0.005 -18"><span class='ocrx_word' id='word_1_33' title='bbox 159 884 268 946; x_wconf 85' lang='lat' dir='ltr'><strong>temen</strong></span> <span class='ocrx_word' id='word_1_34' title='bbox 291 878 408 943; x_wconf 85' lang='lat' dir='ltr'><strong>offerre</strong></span> <span class='ocrx_word' id='word_1_35' title='bbox 432 897 496 943; x_wconf 94' lang='lat' dir='ltr'><strong>non</strong></span> <span class='ocrx_word' id='word_1_36' title='bbox 519 861 693 954; x_wconf 78' lang='lat' dir='ltr'><strong>dubitavit,</strong></span> <span class='ocrx_word' id='word_1_37' title='bbox 728 875 790 943; x_wconf 91' lang='lat' dir='ltr'><strong>imo</strong></span> <span class='ocrx_word' id='word_1_38' title='bbox 811 877 948 964; x_wconf 73' lang='lat' dir='ltr'><strong>iuvenes</strong></span> <span class='ocrx_word' id='word_1_39' title='bbox 967 875 1138 942; x_wconf 78' lang='lat' dir='ltr'>admonuit</span> <span class='ocrx_word' id='word_1_40' title='bbox 1157 874 1243 942; x_wconf 86' lang='lat' dir='ltr'><strong>utin</strong></span> 
     </span>
     <span class='ocr_line' id='line_1_7' title="bbox 164 987 1253 1078; baseline -0.004 -20"><span class='ocrx_word' id='word_1_41' title='bbox 164 989 308 1058; x_wconf 90' lang='lat' dir='ltr'><strong>oolendis</strong></span> <span class='ocrx_word' id='word_1_42' title='bbox 321 989 506 1058; x_wconf 88' lang='lat' dir='ltr'>numinibus</span> <span class='ocrx_word' id='word_1_43' title='bbox 521 991 642 1077; x_wconf 81' lang='lat' dir='ltr'><strong>patrias</strong></span> <span class='ocrx_word' id='word_1_44' title='bbox 661 990 751 1078; x_wconf 82' lang='lat' dir='ltr'><strong>leges</strong></span> <span class='ocrx_word' id='word_1_45' title='bbox 771 994 994 1078; x_wconf 74' lang='lat' dir='ltr'><strong>sequerentur.</strong></span> <span class='ocrx_word' id='word_1_46' title='bbox 1023 989 1157 1071; x_wconf 83' lang='lat' dir='ltr'><strong>Quoties</strong></span> <span class='ocrx_word' id='word_1_47' title='bbox 1183 987 1253 1056; x_wconf 89' lang='lat' dir='ltr'><strong>ool-</strong></span> 
     </span>
     <span class='ocr_line' id='line_1_8' title="bbox 164 1101 1248 1181; baseline -0.001 -13"><span class='ocrx_word' id='word_1_48' title='bbox 164 1102 259 1169; x_wconf 78' lang='lat' dir='ltr'><strong>letae</strong></span> <span class='ocrx_word' id='word_1_49' title='bbox 279 1102 346 1170; x_wconf 89' lang='lat' dir='ltr'><strong>Diis</strong></span> <span class='ocrx_word' id='word_1_50' title='bbox 361 1102 394 1169; x_wconf 97' lang='lat' dir='ltr'><strong>in</strong></span> <span class='ocrx_word' id='word_1_51' title='bbox 409 1103 555 1170; x_wconf 91' lang='lat' dir='ltr'><strong>homines</strong></span> <span class='ocrx_word' id='word_1_52' title='bbox 567 1102 726 1171; x_wconf 85' lang='lat' dir='ltr'><strong>benetieie</strong></span> <span class='ocrx_word' id='word_1_53' title='bbox 742 1109 923 1181; x_wconf 88' lang='lat' dir='ltr'><strong>enumeret,</strong></span> <span class='ocrx_word' id='word_1_54' title='bbox 953 1101 1120 1171; x_wconf 79' lang='lat' dir='ltr'><strong>divinandi</strong></span> <span class='ocrx_word' id='word_1_55' title='bbox 1139 1107 1248 1170; x_wconf 82' lang='lat' dir='ltr'><strong>ortem</strong></span> 
     </span>
    </p>

    <p class='ocr_par' dir='ltr' id='par_1_4' title="bbox 164 1213 1321 2778">
     <span class='ocr_line' id='line_1_9' title="bbox 165 1213 1285 1303; baseline -0.001 -23"><span class='ocrx_word' id='word_1_56' title='bbox 165 1221 197 1280; x_wconf 87' lang='lat' dir='ltr'><strong>ot</strong></span> <span class='ocrx_word' id='word_1_57' title='bbox 209 1214 370 1303; x_wconf 82' lang='lat' dir='ltr'><strong>praesegio</strong></span> <span class='ocrx_word' id='word_1_58' title='bbox 379 1235 443 1282; x_wconf 94' lang='lat' dir='ltr'><strong>non</strong></span> <span class='ocrx_word' id='word_1_59' title='bbox 457 1214 576 1282; x_wconf 85' lang='lat' dir='ltr'><strong>omittit</strong></span> <span class='ocrx_word' id='word_1_60' title='bbox 587 1225 610 1280; x_wconf 91' lang='lat'><strong>¹.</strong></span> <span class='ocrx_word' id='word_1_61' title='bbox 623 1215 835 1283; x_wconf 84' lang='lat' dir='ltr'><strong>Oraoulorum</strong></span> <span class='ocrx_word' id='word_1_62' title='bbox 849 1220 964 1282; x_wconf 84' lang='lat' dir='ltr'><strong>temen</strong></span> <span class='ocrx_word' id='word_1_63' title='bbox 974 1220 1008 1281; x_wconf 91' lang='lat' dir='ltr'><strong>et</strong></span> <span class='ocrx_word' id='word_1_64' title='bbox 1021 1213 1285 1281; x_wconf 65' lang='lat' dir='ltr'><strong>vaticiniorum</strong></span> 
     </span>
     <span class='ocr_line' id='line_1_10' title="bbox 166 1326 1306 1415; baseline -0.001 -21"><span class='ocrx_word' id='word_1_65' title='bbox 166 1348 242 1394; x_wconf 85' lang='lat' dir='ltr'><strong>usus</strong></span> <span class='ocrx_word' id='word_1_66' title='bbox 257 1326 422 1415; x_wconf 82' lang='lat' dir='ltr'><strong>eorrigere</strong></span> <span class='ocrx_word' id='word_1_67' title='bbox 436 1327 535 1409; x_wconf 89' lang='lat' dir='ltr'><strong>velit;</strong></span> <span class='ocrx_word' id='word_1_68' title='bbox 553 1327 593 1394; x_wconf 76' lang='lat' dir='ltr'><strong>(le</strong></span> <span class='ocrx_word' id='word_1_69' title='bbox 613 1327 708 1415; x_wconf 82' lang='lat' dir='ltr'><strong>nugis</strong></span> <span class='ocrx_word' id='word_1_70' title='bbox 723 1327 825 1404; x_wconf 88' lang='lat' dir='ltr'><strong>enim,</strong></span> <span class='ocrx_word' id='word_1_71' title='bbox 853 1327 902 1394; x_wconf 92' lang='lat' dir='ltr'><strong>vel</strong></span> <span class='ocrx_word' id='word_1_72' title='bbox 920 1327 959 1394; x_wconf 90' lang='lat' dir='ltr'><strong>iis</strong></span> <span class='ocrx_word' id='word_1_73' title='bbox 977 1327 1019 1395; x_wconf 91' lang='lat' dir='ltr'><strong>de</strong></span> <span class='ocrx_word' id='word_1_74' title='bbox 1046 1326 1144 1395; x_wconf 90' lang='lat' dir='ltr'><strong>rebus</strong></span> <span class='ocrx_word' id='word_1_75' title='bbox 1167 1343 1306 1415; x_wconf 52' lang='lat' dir='ltr'><strong>que&amp;</strong></span> 
     </span>
     <span class='ocr_line' id='line_1_11' title="bbox 164 1439 1309 1527; baseline 0 -22"><span class='ocrx_word' id='word_1_76' title='bbox 164 1439 303 1506; x_wconf 87' lang='lat' dir='ltr'><strong>homene</strong></span> <span class='ocrx_word' id='word_1_77' title='bbox 319 1458 411 1505; x_wconf 91' lang='lat' dir='ltr'><strong>mens</strong></span> <span class='ocrx_word' id='word_1_78' title='bbox 426 1439 599 1527; x_wconf 78' lang='lat' dir='ltr'><strong>cogitando</strong></span> <span class='ocrx_word' id='word_1_79' title='bbox 615 1440 783 1527; x_wconf 76' lang='lat' dir='ltr'><strong>percipere</strong></span> <span class='ocrx_word' id='word_1_80' title='bbox 798 1439 893 1517; x_wconf 88' lang='lat' dir='ltr'><strong>velet,</strong></span> <span class='ocrx_word' id='word_1_81' title='bbox 911 1444 995 1507; x_wconf 86' lang='lat' dir='ltr'><strong>Deos</strong></span> <span class='ocrx_word' id='word_1_82' title='bbox 1025 1439 1150 1507; x_wconf 90' lang='lat' dir='ltr'><strong>eonsuli</strong></span> <span class='ocrx_word' id='word_1_83' title='bbox 1183 1459 1309 1507; x_wconf 65' lang='lat' dir='ltr'><strong>nora</strong></span> 
     </span>
     <span class='ocr_line' id='line_1_12' title="bbox 166 1551 1313 1641; baseline 0.001 -23"><span class='ocrx_word' id='word_1_84' title='bbox 166 1551 314 1639; x_wconf 75' lang='lat' dir='ltr'><strong>prohat-2.</strong></span> <span class='ocrx_word' id='word_1_85' title='bbox 329 1555 492 1620; x_wconf 89' lang='lat' dir='ltr'><strong>lneertum</strong></span> <span class='ocrx_word' id='word_1_86' title='bbox 507 1552 756 1639; x_wconf 82' lang='lat' dir='ltr'><strong>Xenophontem</strong></span> <span class='ocrx_word' id='word_1_87' title='bbox 772 1572 811 1618; x_wconf 84' lang='lat' dir='ltr'><strong>en</strong></span> <span class='ocrx_word' id='word_1_88' title='bbox 830 1552 870 1619; x_wconf 88' lang='lat' dir='ltr'><strong>ed</strong></span> <span class='ocrx_word' id='word_1_89' title='bbox 891 1555 1009 1640; x_wconf 87' lang='lat' dir='ltr'><strong>Cyrum</strong></span> <span class='ocrx_word' id='word_1_90' title='bbox 1032 1552 1313 1641; x_wconf 74' lang='lat' dir='ltr'><strong>proficiscen-</strong></span> 
     </span>
     <span class='ocr_line' id='line_1_13' title="bbox 166 1655 1313 1755; baseline 0 -22"><span class='ocrx_word' id='word_1_91' title='bbox 166 1666 242 1733; x_wconf 91' lang='lat' dir='ltr'><strong>dum</strong></span> <span class='ocrx_word' id='word_1_92' title='bbox 266 1672 353 1733; x_wconf 90' lang='lat' dir='ltr'><strong>esset</strong></span> <span class='ocrx_word' id='word_1_93' title='bbox 374 1655 532 1754; x_wconf 74' lang='lat' dir='ltr'><strong>Apollinis</strong></span> <span class='ocrx_word' id='word_1_94' title='bbox 553 1667 719 1735; x_wconf 85' lang='lat' dir='ltr'><strong>oreoulum</strong></span> <span class='ocrx_word' id='word_1_95' title='bbox 743 1667 884 1755; x_wconf 88' lang='lat' dir='ltr'><strong>Delphos</strong></span> <span class='ocrx_word' id='word_1_96' title='bbox 904 1668 1105 1735; x_wconf 84' lang='lat' dir='ltr'><strong>soisoitetum</strong></span> <span class='ocrx_word' id='word_1_97' title='bbox 1128 1666 1313 1747; x_wconf 64' lang='lat' dir='ltr'><strong>mittit-..5</strong></span> 
     </span>
     <span class='ocr_line' id='line_1_14' title="bbox 164 1779 1317 1868; baseline 0.001 -22"><span class='ocrx_word' id='word_1_98' title='bbox 164 1781 233 1868; x_wconf 84' lang='lat' dir='ltr'><strong>ipse</strong></span> <span class='ocrx_word' id='word_1_99' title='bbox 248 1800 322 1848; x_wconf 88' lang='lat' dir='ltr'><strong>vero</strong></span> <span class='ocrx_word' id='word_1_100' title='bbox 337 1780 478 1847; x_wconf 83' lang='lat' dir='ltr'><strong>hariolos</strong></span> <span class='ocrx_word' id='word_1_101' title='bbox 502 1780 780 1868; x_wconf 80' lang='lat' dir='ltr'><strong>rurointerroget</strong></span> <span class='ocrx_word' id='word_1_102' title='bbox 809 1785 842 1848; x_wconf 93' lang='lat' dir='ltr'><strong>et</strong></span> <span class='ocrx_word' id='word_1_103' title='bbox 863 1779 1016 1848; x_wconf 85' lang='lat' dir='ltr'><strong>interiore</strong></span> <span class='ocrx_word' id='word_1_104' title='bbox 1039 1779 1091 1847; x_wconf 86' lang='lat' dir='ltr'><strong>illa</strong></span> <span class='ocrx_word' id='word_1_105' title='bbox 1115 1779 1317 1848; x_wconf 66' lang='lat' dir='ltr'><strong>oonsiliae·</strong></span> 
     </span>
     <span class='ocr_line' id='line_1_15' title="bbox 165 1892 1317 1981; baseline 0.001 -22"><span class='ocrx_word' id='word_1_106' title='bbox 165 1892 277 1959; x_wconf 85' lang='lat' dir='ltr'><strong>audire</strong></span> <span class='ocrx_word' id='word_1_107' title='bbox 303 1893 423 1960; x_wconf 87' lang='lat' dir='ltr'><strong>mevult</strong></span> <span class='ocrx_word' id='word_1_108' title='bbox 444 1913 518 1979; x_wconf 78' lang='lat' dir='ltr'><strong>quoe</strong></span> <span class='ocrx_word' id='word_1_109' title='bbox 547 1893 670 1960; x_wconf 80' lang='lat' dir='ltr'><strong>ratione</strong></span> <span class='ocrx_word' id='word_1_110' title='bbox 691 1900 724 1959; x_wconf 86' lang='lat' dir='ltr'><strong>et</strong></span> <span class='ocrx_word' id='word_1_111' title='bbox 743 1913 852 1960; x_wconf 91' lang='lat' dir='ltr'><strong>rerum</strong></span> <span class='ocrx_word' id='word_1_112' title='bbox 876 1913 935 1960; x_wconf 85' lang='lat' dir='ltr'><strong>usu</strong></span> <span class='ocrx_word' id='word_1_113' title='bbox 959 1899 1129 1981; x_wconf 80' lang='lat' dir='ltr'><strong>suggesto,</strong></span> <span class='ocrx_word' id='word_1_114' title='bbox 1150 1892 1317 1981; x_wconf 64' lang='lat' dir='ltr'><strong>genio:</strong></span> 
     </span>
     <span class='ocr_line' id='line_1_16' title="bbox 169 2006 1321 2094; baseline -0.001 -21"><span class='ocrx_word' id='word_1_115' title='bbox 169 2006 298 2073; x_wconf 77' lang='lat' dir='ltr'><strong>cuidem</strong></span> <span class='ocrx_word' id='word_1_116' title='bbox 313 2006 488 2075; x_wconf 81' lang='lat' dir='ltr'><strong>attribuit³.</strong></span> <span class='ocrx_word' id='word_1_117' title='bbox 515 2007 574 2073; x_wconf 87' lang='lat' dir='ltr'><strong>Hie</strong></span> <span class='ocrx_word' id='word_1_118' title='bbox 597 2026 723 2094; x_wconf 88' lang='lat' dir='ltr'><strong>quoquo</strong></span> <span class='ocrx_word' id='word_1_119' title='bbox 749 2006 974 2094; x_wconf 87' lang='lat' dir='ltr'><strong>Xenophontis</strong></span> <span class='ocrx_word' id='word_1_120' title='bbox 1000 2007 1101 2076; x_wconf 85' lang='lat' dir='ltr'><strong>verbe</strong></span> <span class='ocrx_word' id='word_1_121' title='bbox 1126 2011 1321 2074; x_wconf 56' lang='lat' dir='ltr'><strong>attente)</strong></span> 
     </span>
     <span class='ocr_line' id='line_1_17' title="bbox 169 2118 1321 2207; baseline -0.003 -21"><span class='ocrx_word' id='word_1_122' title='bbox 169 2120 277 2186; x_wconf 82' lang='lat' dir='ltr'><strong>animo</strong></span> <span class='ocrx_word' id='word_1_123' title='bbox 292 2119 495 2207; x_wconf 82' lang='lat' dir='ltr'><strong>perpendere</strong></span> <span class='ocrx_word' id='word_1_124' title='bbox 509 2118 616 2186; x_wconf 88' lang='lat' dir='ltr'><strong>deeet.</strong></span> <span class='ocrx_word' id='word_1_125' title='bbox 633 2122 738 2200; x_wconf 82' lang='lat' dir='ltr'><strong>Quum</strong></span> <span class='ocrx_word' id='word_1_126' title='bbox 751 2119 837 2187; x_wconf 91' lang='lat' dir='ltr'><strong>enim</strong></span> <span class='ocrx_word' id='word_1_127' title='bbox 858 2123 1025 2185; x_wconf 84' lang='lat' dir='ltr'><strong>Sooretem</strong></span> <span class='ocrx_word' id='word_1_128' title='bbox 1053 2118 1321 2187; x_wconf 60' lang='lat' dir='ltr'><strong>divinatione</strong></span> 
     </span>
     <span class='ocr_line' id='line_1_18' title="bbox 169 2231 1318 2321; baseline -0.003 -20"><span class='ocrx_word' id='word_1_129' title='bbox 169 2253 263 2301; x_wconf 87' lang='lat' dir='ltr'><strong>usum</strong></span> <span class='ocrx_word' id='word_1_130' title='bbox 278 2253 350 2300; x_wconf 87' lang='lat' dir='ltr'><strong>esse</strong></span> <span class='ocrx_word' id='word_1_131' title='bbox 363 2232 550 2310; x_wconf 77' lang='lat' dir='ltr'><strong>contendet,</strong></span> <span class='ocrx_word' id='word_1_132' title='bbox 565 2232 660 2321; x_wconf 84' lang='lat' dir='ltr'><strong>hujus</strong></span> <span class='ocrx_word' id='word_1_133' title='bbox 673 2232 719 2299; x_wconf 90' lang='lat' dir='ltr'><strong>rei</strong></span> <span class='ocrx_word' id='word_1_134' title='bbox 734 2237 961 2320; x_wconf 79' lang='lat' dir='ltr'><strong>argumentum</strong></span> <span class='ocrx_word' id='word_1_135' title='bbox 981 2252 1021 2300; x_wconf 82' lang='lat' dir='ltr'><strong>ex</strong></span> <span class='ocrx_word' id='word_1_136' title='bbox 1039 2251 1079 2299; x_wconf 92' lang='lat' dir='ltr'><strong>eo</strong></span> <span class='ocrx_word' id='word_1_137' title='bbox 1095 2231 1251 2300; x_wconf 82' lang='lat' dir='ltr'><strong>desumit</strong></span> <span class='ocrx_word' id='word_1_138' title='bbox 1310 2271 1318 2297; x_wconf 80' lang='grc'><em>,</em></span> 
     </span>
     <span class='ocr_line' id='line_1_19' title="bbox 169 2346 1321 2438; baseline -0.003 -21"><span class='ocrx_word' id='word_1_139' title='bbox 169 2350 254 2438; x_wconf 83' lang='lat' dir='ltr'><strong>quod</strong></span> <span class='ocrx_word' id='word_1_140' title='bbox 267 2349 363 2437; x_wconf 83' lang='lat' dir='ltr'><strong>vulgo</strong></span> <span class='ocrx_word' id='word_1_141' title='bbox 377 2349 542 2417; x_wconf 84' lang='lat' dir='ltr'><strong>terebatur</strong></span> <span class='ocrx_word' id='word_1_142' title='bbox 556 2348 609 2416; x_wconf 94' lang='lat' dir='ltr'><strong>ille</strong></span> <span class='ocrx_word' id='word_1_143' title='bbox 623 2369 641 2415; x_wconf 84' lang='lat' dir='ltr'>a</span> <span class='ocrx_word' id='word_1_144' title='bbox 656 2347 753 2436; x_wconf 84' lang='lat' dir='ltr'><strong>genio</strong></span> <span class='ocrx_word' id='word_1_145' title='bbox 778 2348 883 2435; x_wconf 81' lang='lat' dir='ltr'><strong>signe,</strong></span> <span class='ocrx_word' id='word_1_146' title='bbox 901 2353 937 2414; x_wconf 90' lang='lat' dir='ltr'><strong>ut</strong></span> <span class='ocrx_word' id='word_1_147' title='bbox 961 2347 1032 2435; x_wconf 86' lang='lat' dir='ltr'><strong>ipse</strong></span> <span class='ocrx_word' id='word_1_148' title='bbox 1048 2346 1168 2425; x_wconf 82' lang='lat' dir='ltr'><strong>aiebat,</strong></span> <span class='ocrx_word' id='word_1_149' title='bbox 1191 2366 1321 2414; x_wconf 70' lang='lat' dir='ltr'><strong>tro-</strong></span> 
     </span>
     <span class='ocr_line' id='line_1_20' title="bbox 173 2460 1317 2550; baseline -0.004 -19"><span class='ocrx_word' id='word_1_150' title='bbox 173 2464 310 2550; x_wconf 65' lang='lat' dir='ltr'><strong>ciperet</strong></span> <span class='ocrx_word' id='word_1_151' title='bbox 326 2466 372 2530; x_wconf 83' lang='lat' dir='ltr'><strong>Ee</strong></span> <span class='ocrx_word' id='word_1_152' title='bbox 388 2481 467 2549; x_wconf 82' lang='lat' dir='ltr'><strong>ergo</strong></span> <span class='ocrx_word' id='word_1_153' title='bbox 483 2461 615 2550; x_wconf 85' lang='lat' dir='ltr'><strong>proprio</strong></span> <span class='ocrx_word' id='word_1_154' title='bbox 630 2460 771 2528; x_wconf 85' lang='lat' dir='ltr'><strong>Sooretis</strong></span> <span class='ocrx_word' id='word_1_155' title='bbox 781 2460 934 2529; x_wconf 81' lang='lat' dir='ltr'><strong>divinatio</strong></span> <span class='ocrx_word' id='word_1_156' title='bbox 950 2465 1030 2538; x_wconf 77' lang='lat' dir='ltr'><strong>erat,</strong></span> <span class='ocrx_word' id='word_1_157' title='bbox 1047 2465 1082 2527; x_wconf 93' lang='lat' dir='ltr'><strong>et</strong></span> <span class='ocrx_word' id='word_1_158' title='bbox 1093 2461 1162 2528; x_wconf 86' lang='lat' dir='ltr'><strong>tere</strong></span> <span class='ocrx_word' id='word_1_159' title='bbox 1172 2460 1317 2528; x_wconf 53' lang='lat' dir='ltr'><strong>solet,-</strong></span> 
     </span>
     <span class='ocr_line' id='line_1_21' title="bbox 172 2566 1317 2662; baseline -0.003 -18"><span class='ocrx_word' id='word_1_160' title='bbox 172 2574 345 2644; x_wconf 80' lang='lat' dir='ltr'><strong>Oraoulom</strong></span> <span class='ocrx_word' id='word_1_161' title='bbox 361 2594 438 2643; x_wconf 89' lang='lat' dir='ltr'><strong>vero</strong></span> <span class='ocrx_word' id='word_1_162' title='bbox 452 2595 515 2662; x_wconf 90' lang='lat' dir='ltr'><strong>quo</strong></span> <span class='ocrx_word' id='word_1_163' title='bbox 529 2572 789 2661; x_wconf 82' lang='lat' dir='ltr'><strong>sapientissimus</strong></span> <span class='ocrx_word' id='word_1_164' title='bbox 804 2576 992 2641; x_wconf 84' lang='lat' dir='ltr'><strong>Graeoorum</strong></span> <span class='ocrx_word' id='word_1_165' title='bbox 1006 2573 1192 2641; x_wconf 81' lang='lat' dir='ltr'><strong>declaratus</strong></span> <span class='ocrx_word' id='word_1_166' title='bbox 1205 2566 1317 2641; x_wconf 56' lang='lat' dir='ltr'><strong>effil</strong></span> 
     </span>
     <span class='ocr_line' id='line_1_22' title="bbox 173 2684 1310 2778; baseline 0 -21"><span class='ocrx_word' id='word_1_167' title='bbox 173 2710 237 2757; x_wconf 96' lang='lat' dir='ltr'><strong>non</strong></span> <span class='ocrx_word' id='word_1_168' title='bbox 252 2691 321 2778; x_wconf 90' lang='lat' dir='ltr'><strong>ipse</strong></span> <span class='ocrx_word' id='word_1_169' title='bbox 335 2690 559 2767; x_wconf 83' lang='lat' dir='ltr'><strong>eroessiveret,</strong></span> <span class='ocrx_word' id='word_1_170' title='bbox 574 2687 631 2756; x_wconf 89' lang='lat' dir='ltr'><strong>sed</strong></span> <span class='ocrx_word' id='word_1_171' title='bbox 645 2694 822 2777; x_wconf 91' lang='lat' dir='ltr'><strong>perpetuus</strong></span> <span class='ocrx_word' id='word_1_172' title='bbox 832 2687 885 2755; x_wconf 94' lang='lat' dir='ltr'><strong>ille</strong></span> <span class='ocrx_word' id='word_1_173' title='bbox 895 2709 1005 2756; x_wconf 90' lang='lat' dir='ltr'><strong>eomes</strong></span> <span class='ocrx_word' id='word_1_174' title='bbox 1013 2684 1310 2778; x_wconf 65' lang='lat' dir='ltr'><strong>Chaerephon5&#39;·</strong></span> 
     </span>
    </p>
   </div>
   <div class='ocr_carea' id='block_1_4' title="bbox 176 2812 1306 3157">
    <p class='ocr_par' dir='ltr' id='par_1_5' title="bbox 176 2812 1306 3157">
     <span class='ocr_line' id='line_1_23' title="bbox 217 2812 1306 2913; baseline 0 -21"><span class='ocrx_word' id='word_1_175' title='bbox 217 2825 315 2892; x_wconf 84' lang='lat' dir='ltr'><strong>Fietis</strong></span> <span class='ocrx_word' id='word_1_176' title='bbox 329 2824 370 2892; x_wconf 89' lang='lat' dir='ltr'><strong>de</strong></span> <span class='ocrx_word' id='word_1_177' title='bbox 383 2829 524 2893; x_wconf 88' lang='lat' dir='ltr'><strong>Deorum</strong></span> <span class='ocrx_word' id='word_1_178' title='bbox 538 2829 655 2892; x_wconf 82' lang='lat' dir='ltr'><strong>nature</strong></span> <span class='ocrx_word' id='word_1_179' title='bbox 668 2822 785 2892; x_wconf 81' lang='lat' dir='ltr'><strong>tabulis</strong></span> <span class='ocrx_word' id='word_1_180' title='bbox 794 2843 830 2891; x_wconf 88' lang='lat' dir='ltr'><strong>se</strong></span> <span class='ocrx_word' id='word_1_181' title='bbox 843 2842 906 2890; x_wconf 94' lang='lat' dir='ltr'><strong>non</strong></span> <span class='ocrx_word' id='word_1_182' title='bbox 918 2823 1012 2890; x_wconf 85' lang='lat' dir='ltr'><strong>leoile</strong></span> <span class='ocrx_word' id='word_1_183' title='bbox 1024 2824 1160 2892; x_wconf 89' lang='lat' dir='ltr'><strong>eredere</strong></span> <span class='ocrx_word' id='word_1_184' title='bbox 1170 2845 1232 2913; x_wconf 85' lang='lat' dir='ltr'><strong>opu</strong></span> <span class='ocrx_word' id='word_1_185' title='bbox 1246 2812 1306 2879; x_wconf 76' lang='lat' dir='ltr'><strong>(l</strong></span> 
     </span>
     <span class='ocr_line' id='line_1_24' title="bbox 176 2936 1298 3027; baseline -0.001 -21"><span class='ocrx_word' id='word_1_186' title='bbox 176 2940 341 3008; x_wconf 79' lang='lat' dir='ltr'><strong>Platonem</strong></span> <span class='ocrx_word' id='word_1_187' title='bbox 356 2939 478 3027; x_wconf 84' lang='lat' dir='ltr'><strong>saepius</strong></span> <span class='ocrx_word' id='word_1_188' title='bbox 497 2939 658 3020; x_wconf 78' lang='lat' dir='ltr'><strong>letetur⁶3</strong></span> <span class='ocrx_word' id='word_1_189' title='bbox 689 2944 722 3005; x_wconf 86' lang='lat' dir='ltr'><strong>et</strong></span> <span class='ocrx_word' id='word_1_190' title='bbox 747 2936 862 3005; x_wconf 90' lang='lat' dir='ltr'><strong>eodem</strong></span> <span class='ocrx_word' id='word_1_191' title='bbox 887 2941 992 3015; x_wconf 88' lang='lat' dir='ltr'><strong>teste,</strong></span> <span class='ocrx_word' id='word_1_192' title='bbox 1024 2957 1099 3004; x_wconf 90' lang='lat' dir='ltr'><strong>eum</strong></span> <span class='ocrx_word' id='word_1_193' title='bbox 1126 2937 1298 3025; x_wconf 53' lang='lat' dir='ltr'><strong>Euthy‘</strong></span> 
     </span>
     <span class='ocr_line' id='line_1_25' title="bbox 176 3050 1288 3157; baseline -0.002 -37"><span class='ocrx_word' id='word_1_194' title='bbox 176 3053 316 3140; x_wconf 87' lang='lat' dir='ltr'><strong>phronte</strong></span> <span class='ocrx_word' id='word_1_195' title='bbox 344 3051 483 3131; x_wconf 79' lang='lat' dir='ltr'><strong>hariolo,</strong></span> <span class='ocrx_word' id='word_1_196' title='bbox 508 3055 574 3139; x_wconf 83' lang='lat' dir='ltr'><strong>jem</strong></span> <span class='ocrx_word' id='word_1_197' title='bbox 601 3053 642 3120; x_wconf 85' lang='lat' dir='ltr'><strong>ab</strong></span> <span class='ocrx_word' id='word_1_198' title='bbox 670 3054 774 3138; x_wconf 82' lang='lat' dir='ltr'><strong>hnyto</strong></span> <span class='ocrx_word' id='word_1_199' title='bbox 801 3050 976 3157; x_wconf 87' lang='lat' dir='ltr'><strong>etlleleto</strong></span> <span class='ocrx_word' id='word_1_200' title='bbox 1003 3058 1187 3130; x_wconf 81' lang='lat' dir='ltr'><strong>aecusatus,</strong></span> <span class='ocrx_word' id='word_1_201' title='bbox 1214 3050 1288 3118; x_wconf 72' lang='lat' dir='ltr'><strong>(le</strong></span> 
     </span>
    </p>
   </div>
   <div class='ocr_carea' id='block_1_5' title="bbox 177 3307 422 3319">
    <p class='ocr_par' dir='ltr' id='par_1_6' title="bbox 177 3307 422 3319">
     <span class='ocr_line' id='line_1_26' title="bbox 177 3307 422 3319; baseline 0 -1"><span class='ocrx_word' id='word_1_202' title='bbox 177 3307 422 3319; x_wconf 44' lang='grc' dir='ltr'>*ιι-..-</span> 
     </span>
    </p>
   </div>
   <div class='ocr_carea' id='block_1_6' title="bbox 179 3514 1248 3927">
    <p class='ocr_par' dir='ltr' id='par_1_7' title="bbox 179 3514 1248 3927">
     <span class='ocr_line' id='line_1_27' title="bbox 215 3514 1247 3585; baseline 0 -16"><span class='ocrx_word' id='word_1_203' title='bbox 215 3517 224 3545; x_wconf 78' lang='lat'>¹</span> <span class='ocrx_word' id='word_1_204' title='bbox 240 3516 339 3585; x_wconf 74' lang='lat' dir='ltr'><strong>Xonop.</strong></span> <span class='ocrx_word' id='word_1_205' title='bbox 355 3515 510 3579; x_wconf 65' lang='lat' dir='ltr'><strong>Monimou,</strong></span> <span class='ocrx_word' id='word_1_206' title='bbox 521 3517 549 3571; x_wconf 89' lang='lat' dir='ltr'><strong>L.</strong></span> <span class='ocrx_word' id='word_1_207' title='bbox 566 3518 585 3576; x_wconf 85' lang='lat'><strong>1.</strong></span> <span class='ocrx_word' id='word_1_208' title='bbox 600 3535 622 3572; x_wconf 87' lang='lat' dir='ltr'><strong>e.</strong></span> <span class='ocrx_word' id='word_1_209' title='bbox 635 3516 707 3574; x_wconf 76' lang='lat' dir='ltr'><strong>hsuh</strong></span> <span class='ocrx_word' id='word_1_210' title='bbox 722 3519 807 3572; x_wconf 87' lang='lat' dir='ltr'><strong>linem.</strong></span> <span class='ocrx_word' id='word_1_211' title='bbox 818 3548 844 3558; x_wconf 90' lang='lat'><em>-</em></span> <span class='ocrx_word' id='word_1_212' title='bbox 861 3518 890 3572; x_wconf 88' lang='lat' dir='ltr'><strong>L.</strong></span> <span class='ocrx_word' id='word_1_213' title='bbox 904 3519 944 3582; x_wconf 84' lang='lat' dir='ltr'><strong>ll&#39;,</strong></span> <span class='ocrx_word' id='word_1_214' title='bbox 958 3535 980 3574; x_wconf 84' lang='lat' dir='ltr'><strong>c.</strong></span> <span class='ocrx_word' id='word_1_215' title='bbox 993 3518 1024 3572; x_wconf 88' lang='grc'><strong>3.</strong></span> <span class='ocrx_word' id='word_1_216' title='bbox 1041 3518 1093 3554; x_wconf 85' lang='lat'><strong>=²</strong></span> <span class='ocrx_word' id='word_1_217' title='bbox 1109 3518 1157 3580; x_wconf 71' lang='lat' dir='ltr'><strong>lt„</strong></span> <span class='ocrx_word' id='word_1_218' title='bbox 1183 3514 1247 3578; x_wconf 78' lang='lat' dir='ltr'><strong>hin,</strong></span> 
     </span>
     <span class='ocr_line' id='line_1_28' title="bbox 179 3604 1248 3678; baseline -0.002 -20"><span class='ocrx_word' id='word_1_219' title='bbox 179 3605 207 3661; x_wconf 82' lang='grc'><strong>1,.</strong></span> <span class='ocrx_word' id='word_1_220' title='bbox 224 3606 243 3669; x_wconf 86' lang='lat' dir='ltr'><strong>l,</strong></span> <span class='ocrx_word' id='word_1_221' title='bbox 257 3621 280 3659; x_wconf 87' lang='lat' dir='ltr'><strong>o.</strong></span> <span class='ocrx_word' id='word_1_222' title='bbox 294 3605 314 3658; x_wconf 93' lang='lat' dir='ltr'><strong>l.</strong></span> <span class='ocrx_word' id='word_1_223' title='bbox 335 3621 363 3642; x_wconf 94' lang='lat'>=</span> <span class='ocrx_word' id='word_1_224' title='bbox 384 3604 480 3675; x_wconf 78' lang='lat' dir='ltr'><strong>³lliog.</strong></span> <span class='ocrx_word' id='word_1_225' title='bbox 499 3605 594 3670; x_wconf 70' lang='lat' dir='ltr'><strong>tuen..</strong></span> <span class='ocrx_word' id='word_1_226' title='bbox 613 3609 643 3662; x_wconf 81' lang='lat'><strong>1..</strong></span> <span class='ocrx_word' id='word_1_227' title='bbox 659 3607 680 3660; x_wconf 95' lang='lat' dir='ltr'><strong>ll</strong></span> <span class='ocrx_word' id='word_1_228' title='bbox 694 3606 722 3660; x_wconf 85' lang='lat' dir='ltr'><strong>in</strong></span> <span class='ocrx_word' id='word_1_229' title='bbox 739 3607 792 3661; x_wconf 83' lang='lat' dir='ltr'><strong>vito</strong></span> <span class='ocrx_word' id='word_1_230' title='bbox 806 3606 903 3678; x_wconf 83' lang='lat' dir='ltr'><strong>Xenop.</strong></span> <span class='ocrx_word' id='word_1_231' title='bbox 925 3637 952 3646; x_wconf 93' lang='lat'><em>—</em></span> <span class='ocrx_word' id='word_1_232' title='bbox 979 3607 1046 3662; x_wconf 81' lang='lat' dir='ltr'><strong>Plut.</strong></span> <span class='ocrx_word' id='word_1_233' title='bbox 1066 3607 1097 3660; x_wconf 89' lang='lat' dir='ltr'><strong>de</strong></span> <span class='ocrx_word' id='word_1_234' title='bbox 1110 3622 1168 3675; x_wconf 80' lang='lat' dir='ltr'><strong>gen.</strong></span> <span class='ocrx_word' id='word_1_235' title='bbox 1185 3605 1248 3661; x_wconf 81' lang='lat' dir='ltr'><strong>Socr-</strong></span> 
     </span>
     <span class='ocr_line' id='line_1_29' title="bbox 179 3692 1245 3766; baseline 0.001 -19"><span class='ocrx_word' id='word_1_236' title='bbox 179 3695 281 3764; x_wconf 85' lang='lat' dir='ltr'><strong>passim.</strong></span> <span class='ocrx_word' id='word_1_237' title='bbox 295 3695 359 3749; x_wconf 84' lang='lat' dir='ltr'><strong>Plat.</strong></span> <span class='ocrx_word' id='word_1_238' title='bbox 377 3695 471 3766; x_wconf 69' lang='lat' dir='ltr'><strong>treug.</strong></span> <span class='ocrx_word' id='word_1_239' title='bbox 484 3715 510 3736; x_wconf 88' lang='lat'>=</span> <span class='ocrx_word' id='word_1_240' title='bbox 525 3695 536 3724; x_wconf 71' lang='lat'><strong>⁴</strong></span> <span class='ocrx_word' id='word_1_241' title='bbox 550 3696 674 3765; x_wconf 82' lang='lat' dir='ltr'><strong>llerroplr.‚</strong></span> <span class='ocrx_word' id='word_1_242' title='bbox 688 3696 834 3761; x_wconf 62' lang='lat' dir='ltr'><strong>Memorat„</strong></span> <span class='ocrx_word' id='word_1_243' title='bbox 852 3698 879 3751; x_wconf 86' lang='lat' dir='ltr'><strong>L.</strong></span> <span class='ocrx_word' id='word_1_244' title='bbox 902 3698 922 3760; x_wconf 92' lang='lat' dir='ltr'><strong>l,</strong></span> <span class='ocrx_word' id='word_1_245' title='bbox 933 3714 956 3750; x_wconf 86' lang='lat' dir='ltr'><strong>o.</strong></span> <span class='ocrx_word' id='word_1_246' title='bbox 974 3698 1001 3752; x_wconf 90' lang='lat'><strong>1.</strong></span> <span class='ocrx_word' id='word_1_247' title='bbox 1020 3720 1047 3741; x_wconf 93' lang='lat'><strong><em>=</em></strong></span> <span class='ocrx_word' id='word_1_248' title='bbox 1076 3698 1085 3725; x_wconf 80' lang='lat'>⁶</span> <span class='ocrx_word' id='word_1_249' title='bbox 1101 3696 1164 3752; x_wconf 78' lang='lat' dir='ltr'><strong>erat.</strong></span> <span class='ocrx_word' id='word_1_250' title='bbox 1180 3692 1245 3766; x_wconf 87' lang='lat' dir='ltr'><strong>Apol.</strong></span> 
     </span>
     <span class='ocr_line' id='line_1_30' title="bbox 179 3780 1244 3856; baseline 0.007 -20"><span class='ocrx_word' id='word_1_251' title='bbox 179 3780 253 3836; x_wconf 89' lang='lat' dir='ltr'><strong>Socr.</strong></span> <span class='ocrx_word' id='word_1_252' title='bbox 266 3781 366 3853; x_wconf 86' lang='lat' dir='ltr'><strong>(initio).</strong></span> <span class='ocrx_word' id='word_1_253' title='bbox 377 3781 430 3814; x_wconf 71' lang='lat'><strong>²⁶</strong></span> <span class='ocrx_word' id='word_1_254' title='bbox 452 3782 527 3846; x_wconf 75' lang='lat' dir='ltr'><strong>rhet,</strong></span> <span class='ocrx_word' id='word_1_255' title='bbox 545 3781 660 3846; x_wconf 58' lang='lat' dir='ltr'><strong>Phrerlr„</strong></span> <span class='ocrx_word' id='word_1_256' title='bbox 677 3782 700 3836; x_wconf 91' lang='lat' dir='ltr'><strong>iu</strong></span> <span class='ocrx_word' id='word_1_257' title='bbox 717 3800 819 3852; x_wconf 74' lang='lat' dir='ltr'><strong>prorem.</strong></span> <span class='ocrx_word' id='word_1_258' title='bbox 837 3785 883 3849; x_wconf 81' lang='lat' dir='ltr'><strong>ld.,</strong></span> <span class='ocrx_word' id='word_1_259' title='bbox 898 3784 1007 3856; x_wconf 82' lang='lat' dir='ltr'><strong>Apolop.</strong></span> <span class='ocrx_word' id='word_1_260' title='bbox 1024 3785 1073 3850; x_wconf 75' lang='lat' dir='ltr'><strong>lt,</strong></span> <span class='ocrx_word' id='word_1_261' title='bbox 1091 3780 1244 3855; x_wconf 59' lang='lat' dir='ltr'><strong>Dellepoll„</strong></span> 
     </span>
     <span class='ocr_line' id='line_1_31' title="bbox 181 3869 330 3927; baseline 0 -3"><span class='ocrx_word' id='word_1_262' title='bbox 181 3869 209 3924; x_wconf 83' lang='lat' dir='ltr'><strong>L.</strong></span> <span class='ocrx_word' id='word_1_263' title='bbox 226 3871 246 3924; x_wconf 99' lang='lat' dir='ltr'><strong>ll</strong></span> <span class='ocrx_word' id='word_1_264' title='bbox 262 3880 287 3925; x_wconf 87' lang='lat' dir='ltr'><strong>ot</strong></span> <span class='ocrx_word' id='word_1_265' title='bbox 300 3873 330 3927; x_wconf 77' lang='lat' dir='ltr'><strong>X.</strong></span> 
     </span>
    </p>
   </div>
   <div class='ocr_carea' id='block_1_7' title="bbox 0 0 1357 4508">
    <p class='ocr_par' dir='ltr' id='par_1_8' title="bbox 0 0 1357 4508">
     <span class='ocr_line' id='line_1_32' title="bbox 0 0 1357 4508; baseline 0 0"><span class='ocrx_word' id='word_1_266' title='bbox 0 0 1357 4508; x_wconf 95' lang='lat' dir='ltr'><strong> </strong></span> 
     </span>
    </p>
   </div>
  </div>
 </body>
</html>
