2684 4508
643 187 692 240 roa
726 216 739 223 -

124 380 281 468 expedit,
303 401 365 469 qua
394 388 509 469 gentes
549 401 611 449 non
643 382 694 458 ri,
735 382 791 449 sed
820 383 1065 470 persuadendo,
1097 384 1136 452 ad
1176 385 1207 452 id

125 492 290 560 adducere
321 493 504 572 valeamus,
535 498 570 561 ut
597 514 657 561 nos
684 501 812 572 ament,
844 515 902 563 nos
935 495 1147 574 admirentur,
1176 504 1209 563 et

124 605 351 694 quodcumque
377 605 573 674 voluerimus
599 607 782 695 perficiant.
814 608 847 675 Si
876 608 948 697 quis
980 609 1074 676 nobis
1102 610 1209 677 obstet

126 718 295 797 inimicus,
333 719 359 786 si
380 725 533 807 ‘peccato
561 720 722 798 admisso,
754 721 885 789 mulctae
909 722 959 789 vel
997 721 1120 800 exsilii,
1160 723 1209 789 vel

126 831 242 899 mortis
269 830 449 918 periculum
471 831 579 899 subire
607 851 774 919 cogamur,
806 834 967 921 quomodo
995 855 1035 903 ex
1065 833 1115 902 his
1146 857 1211 902 an-

126 942 244 1034 gustiis
269 943 470 1012 evademus?
498 943 617 1011 Callida
648 943 772 1012 scilicet
795 945 961 1024 oratione,
990 967 1053 1034 qua
1079 948 1220 1025 andita,

127 1057 349 1127 adversarium
387 1078 544 1147 peccare,
583 1079 642 1128 nos
677 1064 786 1127 autem
815 1061 902 1127 omni
940 1060 1058 1129 delicto
1092 1082 1213 1130 vacuos

127 1191 202 1240 esse
231 1171 318 1239 cives
359 1172 542 1259 opinentur.
572 1177 607 1240 ln
634 1173 698 1241 hoc
727 1173 866 1241 maxima
899 1181 1046 1243 versatur
1072 1174 1210 1257 utilitas;

128 1289 208 1356 hinc
227 1292 377 1376 potentes
411 1288 443 1356 in
486 1290 650 1378 republica
688 1292 814 1359 hamus.
845 1295 950 1372 Quum
984 1291 1081 1380 igitur·
1112 1291 1214 1359 undi-

129 1420 194 1488 que
225 1399 369 1468 Athenas
394 1403 527 1469 alllnant
559 1403 736 1490 sophistae,
768 1425 832 1472 non
866 1424 923 1493 spe
951 1411 1076 1472 tantum
1104 1422 1213 1472 rernm

128 1520 258 1582 naturae
273 1513 480 1583 recludendae
496 1515 644 1584 homines
658 1517 698 1585 ad
716 1538 752 1586 se
766 1518 930 1597 alliciunt,
958 1519 1013 1587 sed
1038 1519 1099 1586 illis
1114 1517 1214 1606 polli-

129 1633 268 1705 centur,
284 1627 339 1695 ubi
354 1627 548 1717 eloquentiae
563 1635 607 1696 et·
619 1637 884 1719 argumentorum
906 1632 978 1700 telis
997 1632 1112 1700 armati
1136 1631 1213 1700 lue-

130 1743 218 1821 rint,
236 1742 280 1809 nil
297 1741 488 1830 impervium
504 1745 553 1812 vel
580 1730 781 1814 inaccessum
797 1747 906 1813 invita
922 1746 991 1813 lore
1007 1751 1028 1812 ¹.

177 1884 225 1953 hd
239 1884 299 1952 hos
314 1886 529 1973 promissores
545 1886 743 1955 incredibilis
754 1889 908 1976 juvenum
919 1887 1014 1954 turba
1028 1884 1212 1965 concurrit,
1297 1967 1300 1980 .

131 2019 238 2088 neque
262 2000 537 2087 exspectationem
565 2001 771 2070 l'el'ellerunt:
795 2021 857 2089 qna
874 1999 961 2067 enim
988 2005 1057 2066 arte
1080 2003 1216 2065 contra-

132 2112 191 2180 riis
205 2111 290 2179 inter
310 2131 345 2179 se
358 2111 564 2199 opinionibus
579 2113 712 2180 rationis
737 2112 848 2181 otveri
864 2112 1006 2200 speciem
1024 2109 1212 2188 induerent,

131 2225 238 2294 omnis
259 2226 327 2293 lere
342 2223 455 2292 civitas
471 2227 649 2315 obstupuit.
667 2231 700 2293 ln
727 2227 776 2293 his
797 2225 927 2315 quidem
946 2222 1218 2313 disputationibus

131 2338 184 2407 vel
210 2336 376 2421 ἐπιδείξεσι
394 2357 467 2426 quac
494 2360 603 2407 coram
627 2339 872 2410 Atheniensium
899 2337 1106 2408 nobilissimis
1131 2355 1218 2425 age-

132 2462 264 2541 bantur,
282 2462 324 2528 de
343 2455 562 2550 presentibus
579 2454 718 2522 civitatis
732 2452 830 2521 rebus
849 2472 914 2521 non
939 2451 1143 2520 disserebant
1157 2469 1218 2517 so-

132 2573 269 2664 phistae;
286 2573 382 2643 latius
398 2571 496 2648 enlm,
513 2574 549 2637 nt
562 2571 700 2636 testatur
714 2566 928 2634 Philostratus
941 2567 974 2642 ²,
992 2583 1105 2632 eorum
1120 2568 1218 2651 pate-

130 2689 214 2757 bant
227 2687 411 2768 orationes3
429 2683 470 2752 de
484 2687 625 2751 Deorum
642 2679 867 2769 providentia,
887 2678 929 2747 de
948 2677 1072 2769 justitia
1088 2697 1127 2744 ac
1146 2676 1219 2743 lor-

133 2800 288 2879 litudine,
306 2801 347 2868 de
361 2818 470 2867 rerum
484 2800 609 2873 natura,
627 2794 678 2863 vel
693 2792 926 2882 aliquantisper
943 2790 1101 2867 meditati,
1115 2789 1165 2856 vel
1179 2809 1219 2856 ex

134 2921 283 3004 tempore
309 2912 525 2983 disserebant.
561 2909 635 2978 Sive
663 2909 762 2997 igitur
790 2905 947 2996 ejusmodi
975 2924 1027 2972 res
1054 2902 1219 2971 scrutandi

136 3029 256 3118 cupido
266 3031 420 3119 juvenem
438 3026 636 3102 incesserat,
666 3021 734 3091 sive
760 3020 888 3089 dicendi
911 3019 1096 3089 facultatem
1111 3023 1143 3085 ct
1158 3037 1221 3084 co-

136 3143 225 3232 piam
248 3139 472 3211 tantummodo
496 3138 694 3214 sectabatur,
713 3135 843 3205 adhaec
868 3132 1053 3222 spectacula
1079 3131 1220 3201 libentis·

174 3512 182 3549 ἱ
211 3510 271 3565 Vide
287 3509 399 3580 passim,
418 3509 544 3578 aristoph.
560 3509 656 3563 Nubes.
671 3515 697 3562 et
710 3509 809 3563 Platon.
840 3508 916 3579 dorp.
945 3513 971 3560 ot
997 3504 1222 3577 Hippiam-ln

137 3597 230 3668 Gorgia
243 3605 269 3652 et
282 3596 329 3652 snb
344 3596 420 3651 linem
442 3595 536 3666 Hippia
552 3639 557 3657 ,
575 3594 702 3650 Socratem
732 3595 846 3650 hortatur
861 3593 973 3665 sophista
991 3601 1019 3647 nt
1035 3592 1122 3646 relicta
1137 3607 1219 3645 rerum

138 3683 344 3755 investigatione,
361 3682 478 3752 pulchras
494 3681 620 3737 orationes
635 3697 783 3752 componere
798 3681 889 3741 discat.
907 3681 997 3753 quibus
1015 3688 1170 3744 senatorum,
1182 3679 1223 3750 jn·

140 3774 232 3839 dicum,
262 3773 343 3844 populi
358 3780 457 3828 mentes
472 3771 641 3843 perstringere
656 3771 734 3841 possit
750 3815 756 3836 ,
772 3779 799 3826 et
823 3771 945 3843 propriam
958 3770 1045 3834 vitam,
1072 3787 1125 3824 rom
1153 3769 1225 3824 lami-

140 3860 238 3926 harem,
256 3860 398 3932 amicosque
414 3877 473 3915 snos
489 3877 601 3915 servare.
617 3861 669 3897 =²
685 3859 816 3926 Philoslr„
833 3860 863 3912 de
883 3859 973 3931 Sapit,
991 3875 1095 3935 promrn.
