2684 4508
571 246 595 255 --
623 216 652 268 13
677 250 699 258 -

92 407 222 476 nomine
235 406 309 474 baec
322 407 449 486 dixerit,
466 429 507 475 an
519 409 655 496 tragicae
668 409 764 477 alicui
777 429 927 497 personae
938 411 1074 480 voluerit
1089 413 1177 480 attri-

61 583 64 589 .
92 520 147 589 bui
166 520 198 588 in
213 519 337 588 incerto
352 519 498 588 relictum
514 528 575 588 est‘.

135 648 359 719 concedamus
374 671 454 739 crgo
466 650 664 737 AEscbylum,
681 650 741 717 etsi
757 649 957 719 nobilissima
969 651 1072 740 stirpe
1086 659 1177 722 ortus

91 763 203 841 luerit,
230 764 352 851 majora
376 764 491 832 saltem
515 763 667 853 mysteria
694 783 757 831 non
793 764 940 847 novisse;
965 770 998 832 at
1017 784 1080 835 non
1109 766 1177 834 lieri

91 882 200 964 potest
214 883 250 944 ut
276 877 399 965 patrios
414 880 555 944 beorum
577 877 657 945 ritus
684 884 717 944 et
744 876 1005 948 caerimoniarum
1032 879 1176 947 omniurn

89 989 234 1077 origines
243 1007 307 1057 non
320 988 535 1058 attentissima
549 1010 625 1057 cura
638 989 858 1078 indagaverit3
868 988 954 1078 quod
966 990 1096 1080 quidem
1106 993 1176 1081 ejus

91 1101 263 1191 tragoediae
277 1102 327 1170 vel
342 1103 568 1171 conniventem
594 1123 729 1173 cernere
743 1109 878 1192 cogunt.
900 1104 977 1185 Quis
991 1107 1176 1194 praesertim

91 1221 320 1296 Prometheum,
335 1224 391 1286 aut
402 1220 562 1305 Supplices
576 1226 631 1287 aut
640 1220 855 1287 llummictum
865 1219 1036 1308 prologum
1049 1221 1172 1309 legens,
1200 1295 1201 1298 Ἴ

92 1339 238 1401 veterum
269 1336 409 1401 Deorum
433 1332 550 1401 seriem
573 1352 699 1400 summa
724 1332 892 1422 diligentia
919 1337 1082 1403 recenseri
1112 1357 1175 1403 non

85 1444 336 1523 animadvertat,
346 1452 378 1515 et
388 1446 428 1513 ad
439 1445 662 1535 antiquitatem
672 1447 881 1516 evolvendam
892 1454 1000 1537 poetae
1010 1426 1177 1538 ingenium

91 1560 201 1628 nescio
215 1579 277 1648 qua
306 1559 456 1640 illecebra
482 1559 604 1648 saepius
623 1562 797 1630 revocari?
824 1561 915 1631 anne
942 1562 1028 1653 quod
1052 1584 1092 1631 ex
1116 1563 1177 1632 illis

90 1673 244 1762 gentibus
267 1679 359 1742 ortus
394 1679 481 1753 erat,
512 1695 586 1765 quae
611 1675 750 1760 Atticam
778 1676 968 1766 religionem
992 1679 1176 1748 constitue·
1299 1702 1302 1705 ’

90 1791 165 1853 rant
190 1792 223 1855 et
244 1786 502 1856 amantissimum
523 1786 682 1858 libertatis
698 1789 853 1878 populum
878 1790 962 1859 intra
974 1793 1080 1881 justos
1096 1793 1176 1860 lines

86 1899 210 1990 jamdiu
225 1919 377 1970 coercere
405 1901 602 1971 nitebantur.
632 1906 703 1973 Non
726 1905 771 1973 ita
787 1910 897 1974 tamen
913 1904 1055 1995 antiquae
1072 1905 1177 1974 disci-

89 2011 188 2099 plinae
201 2011 308 2081 lautor
322 2018 407 2093 erat,
428 2019 464 2083 ut
479 2013 669 2083 recentioris
683 2015 900 2106 philosophiae
914 2022 948 2084 et
962 2014 1176 2105 Pythagorea

89 2123 248 2194 doctrinae
271 2125 378 2195 studio
399 2132 508 2196 vetera
526 2126 578 2195 illa
591 2147 656 2195 non
670 2133 896 2218 temperarett

136 2254 192 2323 His
216 2255 341 2326 artibus
366 2256 543 2325 instructus
576 2256 617 2324 au
646 2255 842 2345 tragediam
867 2257 996 2348 juvenis
1019 2259 1174 2339 acoessit;

91 2370 143 2437 cui
170 2370 261 2458 operi
288 2376 407 2460 quanta
430 2370 602 2439 contulerit
631 2392 695 2441 non
720 2371 813 2468 nobis
837 2371 890 2441 bic
915 2371 1176 2462 persequendum

92 2489 153 2563 est,
173 2482 232 2552 sed
247 2504 329 2574 quos
343 2485 480 2553 allectus
489 2485 657 2574 praecipue
671 2486 789 2554 civium
802 2485 918 2554 animis
930 2485 1088 2575 injecerit,
1103 2505 1178 2575 qua-

93 2596 156 2665 lem
176 2597 304 2667 vivendi
329 2598 564 2687 etreipublicae
582 2597 739 2688 gerendae
764 2598 849 2667 viam
877 2598 1052 2689 aperuerit.
1079 2598 1178 2669 Multo

95 2710 182 2779 enim
206 2716 378 2800 antequam
406 2710 576 2779 lacessitus
597 2711 799 2800 aplebicolis
827 2715 1018 2802 areopagus
1041 2712 1180 2800 partium

92 2824 197 2893 studia
209 2825 383 2914 tragoediae
395 2825 552 2893 miscendi
567 2824 772 2894 occasionem
786 2824 1003 2915 praebuisset,
1023 2827 1091 2913 jam
1113 2828 1179 2893 AEs-

92 2937 206 3026 chylus
221 2937 308 3006 cives
322 2936 551 3027 suosedocere
571 2938 749 3026 inceperat.
777 2941 846 3007 Non
870 2938 898 3007 is
924 2928 975 3007 est
994 2937 1049 3028 qui
1067 2958 1179 3027 popu-

92 3049 159 3118 lum
179 3048 403 3119 tantummodo
418 3050 583 3120 oblectare
604 3058 723 3131 tentet,
748 3051 806 3120 sed
820 3052 947 3121 animos
960 3070 1091 3141 semper
1109 3052 1179 3120 uti-

92 3162 177 3233 libus
188 3163 283 3232 simul
296 3170 330 3233 et
342 3163 436 3232 elatis
451 3163 593 3233 consiliis
605 3164 745 3253 erigere.
762 3167 829 3233 Nec
840 3163 925 3232 inter
937 3169 987 3233 tot
998 3163 1179 3234 divinarum

91 3296 199 3347 rerum
214 3277 493 3366 humanorumque
507 3296 641 3346 casuum
655 3275 833 3366 imagines,
851 3296 976 3367 eaquae
996 3277 1037 3346 ad
1052 3279 1179 3368 religio·

92 3413 167 3462 nem
182 3399 215 3461 et
229 3413 337 3461 mores
350 3391 514 3480 pertinent
535 3395 754 3479 spectatorem
767 3411 908 3481 unquam
930 3392 1075 3489 oblivisci
1088 3394 1179 3482 pati-

91 3513 156 3574 tur.
172 3509 275 3588 Quem
291 3504 322 3572 in
337 3505 368 3572 in
386 3503 500 3594 primis
520 3501 631 3580 docet,
653 3503 738 3592 quod
761 3502 1017 3591 Xenophonteus
1044 3503 1096 3572 ille
1123 3509 1178 3572 So

129 3888 137 3916 ¹
157 3885 224 3950 cta,
245 3888 394 3952 Tusculum,
412 3897 501 3961 qruoest.
517 3889 554 3955 ll.
572 3891 626 3948 lb.-
