2684 4508
624 171 809 261 71:022

201 393 271 456 lam
285 408 361 456 vero
373 393 476 456 totam
488 387 575 455 illam
589 387 801 465 eomoediam,
819 407 894 477 quae
907 387 1029 454 Cereris
1039 383 1244 472 peruipilium

158 500 313 590 inscripta
328 508 397 579 est,
429 499 584 569 ridieulus
598 506 630 568 et
656 498 745 569 valer
759 488 873 588 implet
886 496 1070 586 Euripides¹
1101 495 1161 562 llio
1175 494 1244 562 sine

158 612 395 682 intermissione
412 613 596 702 exagitatur
609 602 821 700 obruiturque
846 636 854 680 :
874 611 928 679 lrio
942 608 1129 678 effeminato
1150 610 1244 695 Aga-

157 727 248 795 tlroni
277 727 492 796 amioissimus
518 717 662 816 fingitur,
677 716 679 720 ⁸
694 731 727 795 et
751 726 792 795 ab
808 745 846 794 eo
871 724 1063 794 muliebrem
1093 726 1244 789 ornatum

157 845 321 907 mutuatus
335 860 399 927 quo
417 840 458 908 ad
474 838 680 928 exsequenda
696 837 831 907 eonsilia
846 844 942 926 egeat
956 860 964 920 3
981 835 1035 904 hio
1055 855 1149 903 saera
1168 854 1245 901 mu-

159 950 272 1018 lierum
287 972 428 1030 aroana,
455 952 589 1020 infinitis
605 950 757 1019 versutiis
783 951 982 1044 instructus,
1006 947 1196 1037 speculatur
1209 967 1246 1014 ao

72 1086 83 1106 ν·
160 1064 273 1152 polluit
291 1089 299 1148 ;
323 1065 377 1135 hio
391 1087 524 1146 omnes,
541 1067 660 1156 impius
674 1065 773 1135 veluti
787 1070 943 1142 Proteus,
970 1065 1096 1153 speeies
1112 1083 1152 1131 ao
1166 1083 1246 1152 per-

160 1197 257 1246 sonas
271 1178 392 1262 induit3
409 1180 462 1248 lrio
477 1180 619 1268 publieae
635 1179 784 1269 religioni
798 1177 1035 1248 infensissimus
1048 1176 1243 1245 declaratur.

203 1315 380 1385 Audiamus
397 1318 482 1386 enim
498 1319 742 1407 pauperrimam
757 1318 844 1386 illam
860 1337 1055 1386 ooronarum
1074 1317 1242 1394 artificem,

160 1449 234 1517 quae
251 1436 387 1517 quantas
402 1431 443 1500 ab
458 1431 612 1520 Euripide
638 1408 782 1520 adempti
807 1430 868 1500 sibi
882 1430 987 1499 vietus
1010 1449 1126 1518 poenas
1147 1448 1245 1517 repe-

160 1548 231 1610 tere
242 1544 357 1632 gestitl
383 1572 396 1607 «
412 1549 526 1626 Antea,
547 1545 666 1635 inquit,
682 1547 735 1615 vix
749 1545 879 1635 quidem
892 1545 992 1614 vitam
1005 1545 1242 1621 sustentabam,

162 1656 220 1725 sed
240 1657 389 1726 vivebam
404 1662 526 1726 tamen.
555 1663 648 1727 Nune
674 1678 772 1736 vero,
798 1678 896 1747 quum
924 1656 1162 1747 tragaediarum
1188 1657 1245 1725 iste

162 1771 356 1840 oommentis
380 1776 466 1840 Deos
492 1792 556 1840 non
580 1792 652 1840 esse
677 1771 754 1839 viris
779 1772 992 1860 persuaserit,
1020 1792 1061 1838 ne
1082 1769 1245 1839 dimidiam

162 1885 291 1973 quidem
313 1886 507 1954 oorollarum
522 1890 647 1975 partem
665 1885 835 1953 vendimus
849 1897 871 1952 ¹.
892 1913 905 1947 l
936 1889 1040 1953 Grave
1060 1885 1197 1962 crimen,
1214 1888 1246 1951 ut

161 1998 297 2078 soimuS,
314 2001 461 2089 quamvis
479 1999 658 2069 innumeris
682 1999 807 2067 laeetiis
833 1999 989 2067 insertum
1014 1999 1076 2066 sitl
1096 2001 1245 2066 Attamen

163 2112 225 2180 lrao
249 2112 357 2183 labula
380 2112 567 2202 Euripidem
590 2113 695 2202 magis
714 2111 914 2200 oontemptui
931 2112 1048 2181 oivium
1068 2128 1167 2200 quam
1190 2111 1244 2180 irae

162 2215 259 2313 obj'ioi
280 2231 425 2294 eebseo:
454 2232 520 2294 tam
546 2224 624 2294 levis
648 2232 698 2294 est
717 2225 804 2292 enim
826 2224 1048 2293 aeeusantium
1066 2223 1245 2292 muliercu-

163 2338 266 2407 larum
281 2339 466 2417 auotoritas,
480 2343 604 2407 tantam
623 2338 705 2426 ipsae
718 2338 883 2407 lasciviam
897 2338 998 2406 saeris
1012 2339 1139 2407 Cereris
1152 2358 1246 2405 eom-
1325 2354 1329 2362 ¹

165 2451 317 2530 miscent,
337 2443 470 2520 ut'inter
481 2455 530 2519 tot
541 2470 671 2518 sourras
684 2471 723 2518 ae
737 2450 899 2519 derisores
914 2451 1084 2539 Euripides
1098 2457 1247 2520 tantum-

165 2561 261 2631 modo
280 2564 377 2652 paulo
394 2561 554 2631 versutior
573 2582 684 2629 sourra
700 2582 738 2629 ao
755 2562 880 2630 derisor
894 2579 967 2630 esse
981 2562 1141 2631 videatur.

518 2803 598 2896 §A
625 2803 743 2875 —ln
770 2800 891 2874 Bonis.

209 3020 258 3094 Ad
272 3023 380 3088 Ranae
396 3019 528 3087 tandem
550 3017 716 3095 venimus,
741 3018 773 3083 in
798 3037 860 3105 qua
877 3015 1065 3104 Euripidem
1080 3036 1145 3082 non
1161 3035 1266 3104 pau-·

166 3135 309 3205 oloribus
322 3132 511 3203 criminibus
524 3130 670 3199 oneravit
680 3129 915 3217 Aristophanes
924 3148 1021 3217 quam
1035 3132 1204 3196 Sooratem
1218 3127 1250 3195 in

167 3251 325 3319 Nubibus.
342 3247 402 3316 llio
415 3251 508 3315 vetus
520 3244 597 3313 illud
614 3248 788 3313 renovatur
800 3242 919 3331 priseae
933 3262 973 3309 ae
987 3241 1176 3310 reoentioris
1188 3240 1252 3310 dis·
1303 3297 1305 3303 .

169 3361 297 3452 eiplinae
323 3365 510 3436 certamen,
539 3355 625 3446 quod
655 3354 759 3444 prima
789 3355 856 3444 jam
891 3353 1116 3441 Aristophanis
1143 3353 1253 3422 fabula

168 3475 336 3566 depictum
364 3472 490 3555 luerat;
512 3471 566 3540 hie
589 3468 743 3560 quidquid
763 3469 879 3537 delirat
897 3487 1045 3558 praesens
1068 3467 1253 3536 Athenien-

172 3693 414 3706 ——n———-

194 3853 215 3892 ·¹
236 3855 374 3924 Aristoplr.,
399 3855 560 3929 Tlesrnoplm
579 3875 601 3913 v.
616 3858 669 3916 lta
680 3865 704 3913 et
719 3875 772 3930 sqq.
