2684 4508
584 178 742 231 -ree-

126 375 214 438 tanta
229 370 363 439 vestium
376 392 415 438 ac
428 391 553 438 morum
568 370 774 458 simplicitate
786 373 969 459 conjuncta,
986 391 1095 439 nonne
1107 372 1201 459 magis

124 481 286 570 plebeium
310 481 444 560 redolet,
469 482 579 571 quanti
599 480 704 550 valeat
719 482 780 550 sibi
796 483 974 562 conscium,
999 505 1097 572 quam
1118 486 1199 573 opti-

125 600 248 663 matum
267 593 427 661 fautorem
439 594 475 661 ¹⁴?

151 850 168 944 ἓ
195 848 228 921 3.
249 892 298 904 —
318 849 409 935 Quin
427 850 469 921 de
485 849 560 921 Diis
580 873 620 921 oc
638 849 806 944 religione
827 851 997 924 censuerit
1017 852 1179 924 Socrates.
1256 844 1258 849 ’

171 1098 240 1159 tam
256 1091 331 1181 quid
346 1091 388 1159 de
401 1091 469 1159 Diis
482 1113 521 1159 ac
535 1092 691 1181 religione
706 1093 868 1160 censuerit
882 1096 1034 1161 Socrates
1051 1093 1201 1182 inquirere

126 1205 327 1283 omitterem,
363 1206 423 1273 nisi
449 1204 489 1272 ad
516 1204 748 1274 immutandam
784 1205 1018 1294 rempublicam
1044 1207 1201 1275 immutata

126 1318 281 1407 religione
315 1319 436 1387 sensim
460 1319 547 1387 cives
579 1318 834 1401 adducerentur;
867 1317 925 1386 nisi
953 1319 1052 1387 etiam
1081 1320 1202 1388 Aristo·

126 1434 251 1521 phanes
264 1432 324 1501 has
345 1431 530 1520 exagitandi
552 1432 694 1532 Socratis
716 1452 831 1500 causas
853 1452 974 1521 praese
995 1433 1134 1503 tulisset.
1154 1433 1203 1501 Hic

127 1552 236 1615 autem
246 1546 351 1635 magis
364 1567 461 1635 quam
476 1551 571 1614 antea
585 1546 766 1614 dolebimus
778 1547 863 1634 quod
876 1550 1028 1615 Socrates
1040 1547 1112 1635 ipse
1124 1546 1203 1616 libris

128 1660 260 1750 propria
273 1679 370 1727 manu
385 1659 514 1748 scriptis
526 1660 602 1749 quid
616 1660 658 1728 de
671 1665 762 1728 tanta
776 1680 812 1727 re
824 1659 960 1728 sentiret
973 1681 1037 1730 non
1051 1661 1202 1749 exposuit.

129 1778 234 1856 Quum
249 1773 335 1841 enim
349 1771 413 1840 duo
429 1773 584 1861 praecipui
597 1778 698 1842 testes
715 1773 815 1840 vitam
839 1774 909 1860 ejus
931 1779 965 1841 et
987 1773 1134 1843 instituta
1154 1793 1204 1841 nos

128 1887 277 1962 doceant,
292 1885 382 1952 Plato
400 1884 523 1952 scilicet
537 1905 576 1952 ac
587 1885 781 1973 Xenophon,
794 1885 883 1973 prior
895 1885 1027 1973 quidem
1039 1885 1082 1954 ob
1097 1885 1205 1974 singu-

129 1999 229 2067 larem
243 1999 364 2088 ingeuii
382 1999 457 2077 vim,
474 2000 557 2067 ultra
571 1999 653 2066 fines
665 1999 781 2087 quibus
795 2019 831 2067 se
843 1999 999 2087 magister
1012 1995 1208 2067 continuerat

129 2112 308 2201 saepissime
323 2113 472 2181 evolavit.
488 2112 577 2181 Multi
593 2132 671 2200 ergo
687 2117 719 2179 et
733 2111 975 2199 prudentissimi
990 2112 1075 2180 inter
1089 2119 1206 2180 veteres

128 2229 198 2315 ejus
216 2227 398 2296 testimonio
414 2227 509 2295 diffisi
523 2233 621 2295 sunt:
648 2232 725 2295 nota
739 2232 789 2293 est
808 2225 982 2293 Plraedouis
1009 2226 1155 2304 historia,
1179 2226 1206 2292 iu

128 2340 256 2430 dialogo
283 2340 459 2417 Platonico
475 2340 526 2407 cui
551 2359 644 2407 suum
669 2339 857 2407 inscribitur
882 2359 1016 2417 nomen,
1048 2356 1208 2408 sermones

129 2438 210 2542 quos
224 2455 294 2542 ipsc
307 2473 381 2521 curn
404 2457 538 2522 Socrate
559 2452 718 2520 habuerat
739 2451 870 2519 minime
885 2453 1131 2540 agnoscentis²;
1155 2471 1209 2520 nec

130 2567 262 2645 Cicero,
303 2565 447 2633 Platonis
491 2564 771 2633 constantissimus
813 2564 1009 2644 admirator,
1051 2571 1210 2664 certamen

131 2680 272 2748 Socratis
286 2684 319 2747 et
340 2679 482 2767 Gorgia,
509 2679 542 2747 in
564 2679 665 2747 altero
683 2679 823 2766 quodam
847 2678 975 2767 dialogo
1001 2680 1207 2770 descriptum,

130 2794 264 2864 forsitan
279 2792 394 2861 falsum
410 2813 483 2862 esse
506 2799 603 2881 negat
615 2801 637 2859 ³.
655 2796 830 2872 Praeterea,
852 2793 879 2861 si
900 2793 1026 2862 Platoni
1041 2794 1209 2871 credimus,

124 2907 288 2997 judicibus
312 2910 466 2974 Socrates
490 2906 684 2983 affirmabat,
710 2903 795 2993 quod
824 2910 938 2994 postea
962 2907 1153 2976 Aristoteles
1176 2907 1211 2974 de

130 3020 244 3090 codem
258 3019 392 3089 tradidit
403 3025 424 3098 ⁴,
444 3039 497 3087 res
521 3018 646 3086 divinas
670 3039 709 3085 ac
731 3039 840 3086 rerum
859 3025 1055 3088 structuram
1076 3026 1108 3089 ct
1121 3021 1214 3109 priu-

131 3135 214 3223 cipia
229 3155 302 3202 sese
317 3153 481 3222 nunquam
498 3133 648 3200 scrutari.
664 3119 767 3213 Quam
780 3133 880 3202 muita
892 3138 1002 3201 tamen
1017 3133 1050 3201 in
1066 3136 1215 3202 Ptoedone

138 3377 378 3387 ---———-.-

169 3588 178 3615 ¹
199 3576 324 3658 tenopn,
351 3588 511 3654 Menoeceo,
533 3589 561 3643 L.
579 3590 600 3652 l,
613 3605 636 3643 c.
656 3591 679 3643 1.
696 3589 786 3660 Eupol.
813 3588 843 3643 ab
867 3589 994 3660 Aristoph.
1015 3589 1099 3646 Schol.
1118 3589 1163 3644 cit.
1187 3587 1214 3642 ad

132 3675 201 3733 llud.
225 3694 250 3731 u.
267 3676 329 3732 36⁰2,
358 3696 385 3716 =
404 3677 415 3708 ²
434 3678 546 3741 Athen,
569 3678 597 3733 L.
615 3678 658 3742 xl,
682 3694 704 3732 c.
724 3678 765 3732 15.
781 3693 809 3712 =
832 3677 842 3706 ⁸
863 3676 945 3735 Cicer.
964 3678 1099 3743 delirat,
1128 3678 1158 3732 L.
1173 3677 1213 3738 ΙΙΙ,

133 3763 214 3821 clii.
245 3776 272 3796 τ’
296 3765 306 3792 ⁴
327 3764 443 3829 Aristot,
471 3765 621 3836 metaphys,
651 3765 679 3818 L.
697 3766 725 3830 l,
750 3782 772 3820 c.
794 3765 820 3842 tt.
845 3771 983 3833 Σωκράτους
1006 3772 1060 3834 περί
1084 3771 1113 3815 τὰ
1148 3769 1215 3820 notat

134 3872 377 3918 upoppnrsunpsnau,
403 3856 455 3917 περί
479 3853 502 3901 'li
524 3861 568 3905 eti:
592 3853 681 3914 pteron:
697 3854 771 3901 'now'
