2684 4508
591 197 731 250 -to-

124 394 246 462 tionem
264 410 389 460 summa
404 389 492 460 voeis
508 396 541 458 et
561 390 697 459 laterum
724 388 931 457 contentione
950 393 1110 467 suaserat,
1134 368 1207 455 ola-

124 529 231 578 mores
247 508 427 577 horrendos
441 507 527 576 idem
544 505 675 596 Eupolis
690 505 871 595 depingit¹;
889 525 907 571 3
923 506 1041 573 Cleone
1057 511 1205 582 vexatam

125 619 356 709 rempublicam
368 619 480 688 uloisei
491 618 718 695 vellevidetur,
735 623 768 685 et
781 637 911 685 auream
922 624 1053 685 aetatem
1062 617 1207 685 Athenas

125 733 231 802 redire
244 737 410 820 exoptans
428 730 460 800 id
476 733 633 821 optimum
647 733 678 800 in
693 751 775 799 novo
793 736 878 798 statu
899 751 971 798 esse
986 731 1089 819 lingit,
1106 730 1207 820 quod,

124 849 175 917 vel
192 848 377 916 dominante
396 847 529 926 Cleone,
556 848 663 915 omnia
681 847 789 915 (licere
809 846 937 914 lioeat².

169 994 236 1060 Nee
249 990 452 1079 popularium
479 991 620 1080 partium
641 990 741 1059 duces
766 989 957 1058 nominatim
983 990 1206 1078 perstringere

126 1103 267 1173 oontonti
282 1103 357 1173 vitia
372 1123 499 1194 quoque
509 1125 549 1172 ex
558 1103 669 1192 populi
679 1103 815 1192 imperio
826 1103 993 1183 nascentia
1003 1102 1205 1170 cavillantur.

115 1215 301 1286 ¹Teleolides
316 1217 491 1285 intentatas
508 1237 527 1284 a
540 1216 734 1286 turbulentis
748 1215 873 1284 civibus
888 1216 960 1285 lites
983 1214 1122 1303 amplius
1137 1234 1208 1282 sese

126 1329 212 1398 serre
227 1334 326 1419 negat
339 1343 358 1408 ὅ,
372 1351 434 1418 qua
448 1329 578 1418 quidem
592 1335 684 1419 peste
696 1329 835 1397 Atticam
848 1329 1011 1398 civitatem
1021 1333 1209 1417 corruptam

126 1442 384 1532 tabefactamque
398 1443 497 1512 luisse
505 1442 738 1531 Aristophanes
753 1442 961 1511 nosdoeebit.
977 1444 1117 1509 Juvenes
1131 1440 1211 1509 istos

128 1561 219 1623 notat
234 1555 447 1644 Phrynichus,
469 1555 523 1645 qui
538 1557 571 1622 in
587 1557 655 1622 l'oro
670 1554 796 1623 eunetis
810 1554 991 1631 adulantur,
1010 1573 1085 1620 mox
1099 1573 1210 1621 veroe

128 1674 285 1759 suggestu
295 1670 618 1738 omneslaoessuntet
627 1654 960 1754 aeeusantl;l]upolis
969 1670 1089 1742 autem,
1099 1684 1211 1752 quam·

127 1782 175 1849 vis
189 1781 321 1850 Periolis
336 1780 552 1869 eloquentiam
572 1779 664 1847 lateri
679 1786 815 1868 cogatur
832 1785 865 1848 et
880 1799 954 1847 eum
969 1778 1054 1845 inter
1073 1795 1213 1865 magnos

129 1894 285 1985 praeteriti
306 1893 462 1982 temporis
476 1892 562 1961 viros
589 1912 770 1970 numerare,
793 1891 967 1980 populares
990 1896 1111 1979 partes,
1130 1910 1213 1979 quas

130 2008 182 2076 ille
195 2008 271 2076 olim
285 2006 386 2085 duxit,
404 2005 504 2074 multa
519 2006 602 2072 mala
618 2024 703 2071 nune
717 2004 906 2092 reipublieae
920 2004 1040 2088 inferre
1053 2003 1211 2092 queritur.

135 2127 325 2201 «iuvenes,
354 2121 466 2211 inquit,
506 2120 634 2190 lascivia
668 2121 797 2208 perditi,
826 2140 970 2188 summos
1002 2118 1043 2186 ad
1071 2119 1215 2186 bonores

130 2237 321 2314 evehuntur,
338 2242 371 2303 et
383 2234 616 2323 rempublicam
631 2234 811 2303 istiusmodi
825 2234 972 2303 homines
986 2232 1214 2300 administrant

131 2349 247 2439 quibus
261 2369 301 2415 ne
316 2347 464 2415 minimas
478 2347 607 2435 quidem
621 2367 673 2414 res
686 2347 815 2436 sapiens
829 2346 878 2414 vir
891 2347 1093 2415 oommittere
1107 2344 1185 2413 velit
1193 2358 1212 2410 ⁵.

132 2466 257 2543 Quanto
277 2459 401 2539 melius,
432 2458 601 2537 exclamat,
632 2461 770 2547 majores
797 2459 898 2527 nostri
929 2458 1107 2526 laoiebantl
1135 2462 1214 2525 Tum

133 2573 218 2642 enim
232 2573 357 2641 nobiles
369 2571 428 2640 viri
441 2577 474 2640 et
484 2571 599 2640 divites
613 2592 694 2660 quos
709 2576 850 2639 Deorum
864 2571 966 2639 instar
977 2570 1216 2640 venerabamur

134 2687 231 2755 rebus
246 2686 364 2753 nostris
378 2689 553 2773 praeerunt,
572 2705 658 2752 nuno
672 2684 712 2754 ab
729 2684 864 2773 impuris
877 2684 984 2752 omnia
999 2692 1169 2772 aguntum.
1198 2710 1212 2745 3

134 2798 286 2868 Praeolari
300 2798 343 2866 illi
364 2818 476 2867 versus
491 2820 509 2865 a
525 2799 656 2867 Stobaeo
671 2798 771 2877 oitati,
790 2797 949 2886 poetieam
965 2797 1028 2864 vim
1042 2803 1076 2864 et
1103 2798 1216 2865 sinee-

113 2905 205 2983 ‘rum
219 2913 318 2982 animi
339 2918 462 2981 motum
490 2914 627 3002 spirant,
656 2911 928 3001 optimatibusque
943 2910 1134 3001 Eupolidem
1161 2911 1216 2978 f-

134 3027 218 3096 uisse
233 3027 439 3095 manifestum
453 3025 586 3093 laniunt.
607 3025 689 3106 Quid
705 3025 731 3092 si
746 3023 888 3093 Platonis
903 3024 1017 3093 oomiei
1031 3024 1215 3113 fragmenta

135 3141 261 3229 singula
289 3141 349 3209 sub
377 3140 515 3229 legentis
546 3138 658 3209 oeulos
686 3145 892 3207 vocaremusl
922 3137 1084 3216 Gleonem
1118 3159 1214 3227 quem

136 3403 374 3415 n———--—-——

171 3613 180 3653 ¹
197 3609 299 3680 Eupolis
314 3609 345 3664 ab
356 3610 481 3680 drisloph.
492 3611 576 3668 Sobol.
592 3610 682 3667 3113133
697 3611 728 3666 ad
744 3611 814 3682 Lys„
827 3627 851 3668 ν.
863 3611 927 3666 191.
941 3632 969 3654 =
982 3616 994 3651 ²
1008 3610 1055 3675 ld,
1070 3612 1103 3665 fr.
1116 3612 1129 3668 1
1146 3616 1172 3665 et
1185 3609 1212 3676 1,

134 3695 199 3753 Bibl.
215 3696 299 3753 uiuos.
312 3714 340 3736 =
361 3696 515 3752 'Teleoides
526 3697 653 3770 indmpb.
668 3698 700 3753 lr.
716 3697 742 3763 5,
754 3696 817 3752 111111.
834 3696 918 3754 Didot.
932 3714 960 3736 =
982 3698 992 3726 ⁴
1008 3698 1103 3768 Plrryn.
1113 3696 1212 3767 Ephial.

124 3783 278 3849 13111111
306 3784 389 3840 1113131.
417 3800 444 3820 =
476 3783 947 3856 511333113.13.1ἔ·1,Βί11.111(131.;
976 3786 985 3813 ⁸
1011 3786 1059 3841 ld..
1099 3783 1173 3851 ibid,
1199 3805 1212 3840 3

134 3870 302 3938 8131333311,
325 3873 419 3927 stt-ae.
