2684 4508
583 234 613 243 -
634 204 685 258 roo
706 235 738 244 -

127 407 224 469 rectae
242 379 358 468 mentis
372 399 531 468 vindicem
546 398 663 468 salutet
676 405 708 468 ct
722 400 950 488 amplectatur,
968 406 1000 468 et
1014 419 1086 468 seso
1100 399 1198 468 dein-

126 533 204 602 ceps
227 512 335 581 sensui
363 511 524 581 communi
553 513 782 582 obsecuturum
793 515 892 602 jurat.
918 514 987 580 lmo
1004 512 1074 601 ipso
1088 531 1199 600 popu-

128 626 176 693 lus
204 646 335 694 sensum
361 643 583 702 communem,
601 624 688 693 volut
709 625 873 714 publicum
903 625 1035 694 humani
1070 624 1200 714 generis

128 738 371 825 patrimonium,
402 735 577 807 defendere
605 735 745 806 studet:
775 729 968 829 quicumque
993 758 1072 829 ergo
1105 739 1200 808 altius

129 875 181 922 res
220 854 355 923 scrutari
392 851 508 932 audet,
550 874 611 923 nec
647 853 731 923 intra
768 874 882 924 sensus
916 856 1094 925 communis
1128 861 1202 924 ter-

130 969 233 1036 minos
259 968 401 1036 continet
429 966 617 1055 ingenium,
650 967 794 1056 plebeios
819 969 901 1038 risus
929 989 967 1038 ac
992 967 1202 1037 diffidentiam

130 1089 251 1150 movet.

177 1219 315 1287 Primum
328 1220 413 1288 enim
429 1220 460 1288 in
475 1219 514 1287 iis
529 1220 643 1299 rebus,
659 1240 731 1309 quae
745 1220 785 1288 ad
813 1222 886 1290 vitae
900 1220 1103 1312 quotidianos
1126 1242 1203 1290 usus

132 1356 332 1426 nequaquam
347 1342 494 1425 spectare
506 1335 667 1415 videntur,
684 1344 877 1427 occupatum
891 1337 1054 1408 hominem
1066 1338 1205 1407 cachin-

135 1448 183 1514 nis
198 1448 395 1516 insectantur
419 1446 585 1535 pleriqae;
603 1457 680 1516 mox'
693 1447 828 1518 insolitis
852 1430 1068 1543 opinionibus,
1086 1455 1143 1528 ct,
1170 1456 1205 1519 ut

135 1565 286 1634 dicebant
302 1566 430 1644 Graeci,
456 1556 662 1653 παραδόξοις
675 1566 832 1637 imbutum
857 1574 1018 1648 metuunt,
1043 1569 1132 1658 quasi
1149 1576 1206 1637 to-

135 1688 200 1749 tam
218 1681 294 1750 vitae
311 1682 467 1751 rationem
484 1682 672 1752 subvertere
690 1681 781 1760 velit,
809 1687 842 1750 et
867 1682 1019 1752 humanae
1043 1683 1206 1753 societatis

135 1794 343 1862 fundamenta
365 1800 549 1863 concutere.
570 1798 635 1863 llos
652 1800 759 1863 autem
776 1793 888 1863 insciae
902 1793 1114 1864 multitudinis
1128 1815 1206 1885 erga

134 1906 344 1997 philosophos
358 1908 493 1976 aflectus
507 1908 621 1976 comici
636 1912 742 1996 poetae
756 1907 929 1975 incendere
948 1915 1204 1992 consueverunt3

136 2021 255 2109 quippe
268 2020 321 2109 qui
346 2031 475 2089 sensum
490 2039 693 2089 communem
708 2040 726 2087 a
742 2040 777 2088 se
791 2019 945 2088 adversus
968 2020 1111 2109 privatas
1130 2020 1208 2111 opi-

137 2132 409 2221 nionesetipsius
425 2131 534 2221 populi
560 2151 686 2200 errores
712 2132 878 2202 defensum
905 2132 943 2199 iri
967 2133 1206 2221 profiterentur.

138 2245 219 2313 Hinc
240 2245 364 2314 illorum
376 2245 478 2334 gloria
493 2245 667 2334 pependit;
698 2246 774 2315 hinc
798 2246 859 2315 sihi
884 2245 993 2335 populi
1016 2246 1209 2322 admiratio-

138 2379 211 2429 nem
226 2359 365 2428 simulet
378 2378 521 2427 amorem
535 2357 765 2442 conciliaverc;
783 2379 854 2428 eam
869 2360 954 2428 enim
970 2359 1109 2449 jocando
1124 2359 1209 2429 doo-

136 2474 253 2554 trinam
268 2472 431 2542 vindicare
443 2472 500 2541 visi
519 2478 609 2550 sunt,
636 2492 709 2561 quae
724 2477 848 2541 aeterna
860 2478 966 2552 esset,
988 2493 1027 2541 ac
1040 2493 1099 2561 per
1113 2492 1209 2542 omne

137 2607 242 2655 aevum
260 2584 487 2666 immutabilis,
519 2605 579 2654 nec
603 2591 712 2654 tamen
740 2585 881 2655 indocte
908 2587 1012 2657 turbae
1029 2587 1206 2657 inaccessa.

139 2704 203 2768 llas
212 2697 274 2767 sibi
286 2704 394 2787 partes
404 2698 635 2787 suscipiendas,
650 2698 759 2786 sagaci
773 2697 911 2787 quodam
925 2699 1042 2767 mentis
1056 2699 1209 2769 instinctu

139 2813 246 2891 ducti,
271 2816 441 2881 senserunt
465 2812 579 2881 Atticae
606 2809 777 2880 comoediae
791 2811 965 2899 principes,
989 2812 1053 2881 imo
1068 2814 1209 2883 omnium

140 2917 293 3014 deinceps
308 2924 488 2993 seculorum
502 2923 698 3012 augentium
717 2923 842 2991 comici.
1218 2916 1220 2923 ’

183 3067 250 3132 Nec
262 3062 463 3151 ingeniosam
476 3061 561 3129 illam
574 3081 690 3130 sensus
704 3063 883 3131 communis
906 3061 1126 3133 defensionem
1148 3067 1210 3156 ipsi

141 3173 355 3267 philosophie
381 3173 525 3241 inutilem
554 3172 653 3241 luisse
682 3173 850 3243 dixerim:
878 3174 1009 3253 multos,
1037 3181 1137 3263 puto,
1168 3180 1209 3250 ab

142 3288 229 3357 inani
255 3287 450 3356 minutarum
477 3305 583 3355 rerum
605 3285 813 3376 indagatione
835 3287 876 3356 ad
896 3287 1044 3376 graviora
1071 3309 1211 3362 revoca-

141 3403 185 3470 vit
204 3399 458 3488 Aristophaneus
479 3398 532 3467 ille
557 3398 598 3467 de
623 3398 764 3487 pulicum
780 3399 862 3467 saltu
882 3402 995 3490 jocus3
1012 3421 1073 3470 nec
1091 3403 1212 3474 imme-

142 3517 202 3583 rito
219 3512 358 3581 audaces
375 3512 573 3581 insolitarum
587 3511 818 3580 sententiarum
831 3518 1013 3601 repertores
1029 3514 1212 3586 admonen-

144 3636 194 3696 tur
209 3646 304 3717 quam
324 3624 491 3694 ridiculum
507 3625 548 3693 sit
565 3625 616 3693 vel
634 3625 784 3694 humanae
799 3625 875 3694 vitae
894 3626 1056 3696 lunestum
1073 3649 1091 3697 a
1116 3650 1211 3702 sensu

146 3740 307 3812 communi
327 3739 458 3807 nimium
485 3737 649 3806 recodere.
682 3742 768 3806 Bene
793 3744 900 3806 tamen
928 3742 1066 3828 posteris
1096 3745 1213 3828 seculis

147 3858 375 3925 consuluerunt
398 3875 477 3944 quos
503 3855 735 3943 Aristophanen
765 3855 883 3923 derisio
911 3877 929 3923 a
959 3856 1214 3950 philosophando

989 3970 1022 4025 tl
