2684 4508
497 256 501 263 ,
592 202 748 255 -193-

135 393 233 461 multa
249 393 324 471 alia,
351 393 565 463 inconstantia
580 394 692 483 populi
718 394 896 464 aboleatur.
921 394 998 475 Quis
1021 415 1084 463 non
1104 395 1209 464 rideat

134 505 223 574 illum
236 506 416 576 obedientis
435 527 528 577 novae
548 507 612 598 legi
637 508 716 579 civis
743 529 818 577 cum
837 508 1003 577 incredulo
1022 517 1053 578 ct
1079 511 1208 579 indocili

132 622 202 690 viro
215 627 424 689 sermonem?
447 621 524 704 Quis
535 621 580 705 ibi
595 627 786 711 perpetuam
801 621 932 690 humani
948 623 1046 690 animi
1061 629 1209 696 naturam

134 755 199 801 non
214 740 380 823 agnoscat,
398 735 518 823 proprii
533 734 694 804 commodi
705 736 889 823 praesertim
904 735 1096 831 studiosam,
1113 756 1210 826 quae-

132 869 195 938 que
217 849 248 916 in
273 848 306 915 id
328 868 427 916 unum
451 867 580 918 omnem
603 848 724 938 ingenii
742 832 947 919 calliditatem
971 850 1088 930 vertit,
1115 857 1152 919 ut
1170 872 1210 919 ex

134 960 201 1028 suis
225 980 321 1048 quam
344 959 537 1048 paucissima
551 959 706 1039 dimittat,
731 960 844 1029 alienis
860 957 937 1028 vero
956 980 1052 1050 quam
1072 962 1210 1032 maxime

133 1073 268 1140 fruatur.
283 1072 343 1141 Vix
357 1071 442 1140 enirn
460 1071 625 1141 nuntiatur
638 1077 787 1162 paratum
805 1093 877 1142 esse
893 1073 1073 1143 convivium
1087 1094 1212 1144 onera·-

134 1195 247 1276 tosque
273 1206 401 1255 mensas
428 1187 588 1276 dapibus,
614 1187 700 1256 idem
724 1188 800 1266 iste,
822 1187 875 1276 qui
903 1207 959 1256 sua
979 1187 1066 1256 domi
1088 1183 1221 1258 inclusa

134 1300 383 1389 diligentissime
414 1307 543 1380 servat,
575 1302 716 1391 publicae
742 1301 979 1375 comissationis
1003 1308 1129 1392 partem
1149 1302 1211 1372 sibi

133 1413 352 1482 vindicaturus
378 1404 528 1483 accurrit.
564 1419 724 1496 Quantum
750 1431 830 1504 ergo
866 1417 980 1483 alieret
1013 1421 1210 1506 Praxagorae

36 1555 41 1563 ·
135 1526 569 1623 consiliisimpodimentum
596 1527 720 1616 privata
751 1527 918 1596 hominum
940 1530 1094 1597 avaritial
1131 1530 1211 1624 lluio

136 1639 252 1728 aequali
279 1641 438 1708 bonorum
463 1639 627 1728 partitioni
649 1646 802 1729 quantam
836 1641 1036 1730 iniquitatem
1067 1644 1212 1712 inserent

135 1753 270 1841 privatae
286 1752 436 1821 versutias
454 1759 461 1819 l
482 1756 617 1841 Semper
629 1754 715 1821 enim
737 1759 832 1822 erunt
844 1755 899 1843 qui
914 1754 1018 1823 alieno
1034 1759 1164 1844 sumptu
1180 1761 1213 1824 ct

135 1866 253 1934 sudore
264 1867 372 1934 vivere
392 1865 501 1934 velint.
527 1865 607 1948 Quid
630 1871 735 1934 autem
759 1867 878 1936 facient
892 1874 1041 1936 auctores
1057 1887 1211 1937 novarum

136 2001 242 2049 rarum
272 1980 430 2049 feminae?
456 1983 538 2048 Num
575 1985 698 2048 tantam
727 1981 967 2070 improbitatem
996 1981 1147 2050 insectari
1179 1990 1212 2050 et

135 2094 296 2182 castigare
310 2094 504 2162 tentabunt?

178 2231 250 2295 Mox
268 2223 398 2314 quidem
426 2224 518 2294 istius
541 2225 663 2293 decreti
677 2224 891 2293 Athenienses
908 2224 1058 2313 pigebit:
1079 2224 1132 2292 l'ac
1154 2231 1211 2294 ta-

134 2359 209 2407 men
228 2358 284 2406 eos
309 2339 342 2406 in
358 2339 525 2427 proposito
544 2357 754 2427 perseverare
769 2361 778 2406 ε
796 2337 894 2405 multa
914 2339 1128 2408 remanebunt
1140 2358 1212 2428 quae

136 2451 305 2528 nabaiot,
334 2451 419 2519 nulla
441 2451 606 2520 hominum
624 2450 773 2519 voluntas
796 2469 890 2538 aequa
913 2455 947 2518 et
969 2450 1059 2538 paria
1084 2450 1212 2529 allicere

134 2565 264 2652 poterit.
280 2563 413 2632 Multum
435 2562 558 2631 scilieet
571 2561 718 2631 intererit
731 2566 840 2630 utrum
859 2562 1028 2650 juventute
1042 2561 1157 2631 llorcat
1170 2581 1211 2628 an

135 2684 301 2746 senectute
315 2682 495 2744 marcescat
517 2676 654 2759 lemina3
671 2673 742 2763 quis
756 2656 1055 2764 crgoadolescenti
1071 2695 1212 2762 persua-

134 2790 224 2858 debit
246 2794 280 2857 ut
300 2808 397 2856 onum
422 2787 625 2877 puellamque
639 2786 761 2875 pariter
775 2790 939 2854 sectetur?
954 2789 1066 2863 Hane,
1096 2786 1208 2864 fateor,

134 2901 387 2991 inaequalitatcm
406 2901 515 2969 dolere
538 2907 652 2970 renata
677 2905 727 2967 est
746 2902 952 2986 Praxagora,
979 2904 1012 2966 et
1035 2899 1212 2967 senectutis

133 3014 386 3082 deformitatisve
403 3011 606 3082 incommoda
625 3010 752 3100 legibus
775 3028 933 3098 pensare;
954 3013 988 3077 at
1007 3008 1032 3079 si
1053 3009 1125 3097 quis
1153 3029 1216 3113 nos¹

134 3148 171 3195 oa
188 3147 262 3216 quae
288 3112 406 3194 natura
429 3123 613 3192 inamabilia
638 3127 713 3192 sunt
735 3141 844 3190 amare
865 3128 897 3189 et
920 3120 1072 3211 amplecti
1092 3125 1208 3210 roget,

135 3239 296 3308 horrcndo
309 3238 453 3307 cruciatu
471 3239 538 3327 jam
561 3235 729 3305 allicimur.
755 3233 924 3316 Quodnam
945 3237 1015 3324 ejus
1035 3234 1081 3303 rei
1107 3255 1213 3324 argu-

134 3348 278 3421 mentum
291 3350 524 3440 Aristophanes
536 3348 742 3441 proposuerit
762 3347 815 3416 vix
833 3368 1089 3440 commemorare
1114 3347 1211 3445 audej

134 3488 222 3548 mns;
250 3465 306 3534 sed
334 3487 373 3534 cx
400 3463 545 3554 plurimis
564 3462 635 3531 aliis
650 3461 805 3550 exemplis
819 3448 905 3530 idem
923 3461 1077 3551 colligare
1091 3461 1186 3530 liceat
1199 3451 1210 3529 ':

135 3552 296 3668 numinum
329 3598 446 3668 nempe
469 3575 741 3666 pulchritudinem
776 3573 983 3664 turpitudini,
1023 3558 1213 3642 industriam

134 3693 279 3769 inertiae,
307 3691 470 3760 solertiam
496 3688 618 3777 stupori
638 3709 733 3776 pares
752 3689 839 3770 lore;
858 3687 974 3778 quibus
993 3686 1092 3775 igitur
1106 3685 1229 3774 placet..

134 3812 168 3872 ut
181 3807 287 3874 omnia
302 3806 391 3892 paria
407 3805 490 3882 sint,
507 3824 563 3873 eos
577 3804 646 3893 ipsa
665 3810 777 3870 natura
794 3822 901 3870 rerum
916 3798 1029 3868 roselli.

576 3955 649 3966 0...-
678 3955 764 3962 ›0‹—

986 3965 1018 4016 lt
