2684 4508
586 201 620 211 -
641 169 692 221 tto
711 199 744 208 -

127 365 249 450 piorem
269 365 376 429 tbrsan
392 382 488 436 uero,
510 361 567 428 sed
589 360 792 427 humiliorem
807 365 928 425 nostra:
943 364 1070 425 naturae
1084 359 1231 447 imagi-

127 497 200 544 nem
211 475 433 564 spectantibus
445 477 574 542 otterre.
589 475 671 542 Hinc
682 474 715 541 in
728 474 826 542 rebus
839 473 881 542 ab
893 493 933 540 eo
947 471 1087 560 depictis
1104 473 1228 542 minor

125 591 268 680 gravitas
292 589 525 677 sanctitasque3
548 589 625 658 binc
643 588 807 657 molliores
830 586 1017 656 cedentium
1041 585 1221 655 doloribus

124 705 174 772 vel
189 702 373 792 planctibus
387 701 625 791 indulgentium
641 702 778 770 heroum
791 700 909 781 animi;
929 698 1007 767 hine
1025 699 1126 767 etiam
1144 699 1214 767 illm

125 817 274 886 libidines
286 821 320 883 ct
332 816 439 904 turpia
453 816 572 883 mentis
583 815 727 891 vulnera,
745 834 819 902 quae
831 813 958 902 quoties
971 812 1094 881 nostris
1108 813 1208 880 oculis

126 929 222 995 nimia
243 948 317 996 cum
335 928 544 995 miseratione
562 926 769 1016 objiciuntur,
793 927 902 994 nescio
927 945 991 1014 qua
1013 925 1202 1012 contagione

123 1042 274 1109 virtutem
308 1046 434 1109 nostam
462 1040 658 1108 labefaciunt
685 1040 966 1127 constantiamque
999 1037 1194 1127 perturbant.

125 1159 193 1222 Hoc
206 1154 336 1244 quidem
360 1155 540 1243 periculum
554 1159 755 1243 quantopere
775 1152 942 1241 religionis
961 1157 1086 1220 nostrae
1100 1140 1196 1239 patres

124 1275 157 1336 et
170 1268 360 1337 nobilissimi
372 1268 562 1336 defensores
574 1266 752 1342 timuerint,
763 1286 859 1333 nemo
875 1265 997 1347 nescit;
1016 1285 1076 1333 nos
1086 1272 1194 1340 auten,

124 1385 324 1473 gravissimis
337 1383 398 1451 illis
413 1384 615 1471 austerisque
629 1382 682 1470 pie
698 1388 731 1448 et
753 1381 881 1468 integre
899 1379 1028 1449 vivendi
1045 1380 1198 1469 magistris

124 1497 220 1585 paulo
244 1497 350 1565 minus
373 1496 493 1575 severi,
513 1496 729 1564 humanorum
751 1497 941 1569 affectuum,
960 1495 1026 1562 imo
1041 1495 1198 1563 libidinum

125 1613 300 1701 imaginem
323 1632 386 1679 non
408 1632 601 1680 excusamus
620 1611 736 1688 modo,
755 1610 812 1679 sed
832 1610 1020 1698 probamus,
1044 1611 1070 1677 si
1090 1609 1199 1679 tabulae

124 1733 275 1794 eventurn
298 1727 341 1793 ita
370 1726 509 1814 scriptor
529 1725 735 1814 disposuerit,
758 1733 794 1792 ut
815 1731 903 1791 reete
923 1744 971 1813 Aac
994 1744 1095 1811 praue
1117 1722 1202 1791 lactis

124 1838 233 1907 debita
249 1859 375 1908 merces
392 1841 443 1907 vel
457 1859 553 1929 poena
568 1839 741 1907 tribuatur.

169 1997 272 2075 Quam
300 1994 457 2061 rationem
482 1994 672 2082 plerumque
692 1994 873 2062 servavisse
899 1993 1090 2082 Euripidem
1116 2015 1205 2063 nemo

126 2106 277 2195 negabit;
294 2125 370 2173 num
382 2105 559 2174 servaverit
573 2124 714 2191 semper,
723 2104 863 2172 dubitari
878 2111 1004 2193 potest;
1020 2107 1098 2194 quin
1114 2107 1205 2174 otiam

125 2220 167 2287 ab
193 2220 255 2287 bac
280 2219 353 2308 lege
381 2217 542 2286 interdum
569 2237 644 2285 eum
667 2218 844 2285 descivisse
871 2223 1010 2287 constat.
1041 2220 1206 2300 Quoenim

125 2338 220 2421 pacto
258 2331 452 2419 Euripideus
491 2334 622 2399 Orestes
651 2331 848 2399 imminentis
885 2332 1021 2419 periculi
1052 2333 1209 2421 angustiis

126 2444 255 2514 evadit?
273 2448 387 2512 Nonne
410 2444 530 2511 insonti
554 2443 738 2511 Hermionae
762 2443 936 2511 nefandam
959 2444 1084 2512 caedem
1112 2446 1209 2512 mini-

126 2557 246 2626 tando?
258 2558 336 2639 Quis
351 2555 529 2625 horrendas
543 2556 614 2624 illas
628 2556 747 2644 puellae
761 2558 891 2645 nuptias
904 2558 990 2626 terre
1003 2565 1125 2647 potest,
1140 2559 1211 2627 lruic

127 2676 187 2764 ipsi
212 2674 409 2743 adolescenti
430 2673 615 2762 desponsae,
645 2674 710 2762 qui,
741 2675 767 2742 si
785 2674 950 2742 Menelaus
973 2674 1096 2742 diutius
1112 2675 1212 2742 resti-

128 2790 231 2867 tisset,
246 2789 428 2877 virgineum
443 2794 558 2876 pectus
572 2787 681 2876 gladio
696 2787 890 2876 transfigere
904 2771 1069 2875 parabata
1086 2787 1212 2856 Nullum

129 2923 281 2992 unquam,
300 2902 470 2979 fateamur,
501 2901 626 2969 felicius
652 2901 747 2969 alicui
775 2902 873 2969 cessit
888 2901 1104 2969 latrocinium.
1122 2901 1213 2982 Quod

128 3023 250 3093 tamen,
268 3016 328 3083 etsi
357 3014 431 3082 mali
460 3015 598 3102 exempli
627 3034 699 3082 esse
720 3014 797 3081 mibi
821 3013 958 3091 videtur,
981 3013 1129 3101 Euripidi
1151 3034 1214 3082 non

130 3130 274 3198 severius
300 3129 524 3216 imputandum
557 3129 708 3198 arbitror.
736 3129 894 3197 Eabulosa
922 3129 1008 3196 enim
1030 3128 1082 3195 illa
1109 3151 1216 3218 argu-

131 3249 251 3320 menta,
267 3263 365 3331 quum
380 3242 528 3330 plurimis
549 3244 699 3311 manibus
714 3245 781 3332 jam
796 3249 932 3311 tractata
948 3251 1069 3322 essent,
1085 3244 1128 3311 ad
1151 3265 1218 3312 mo

131 3354 253 3423 vendos
266 3356 360 3424 simul
377 3355 653 3446 oblectandosque
673 3357 798 3425 animos
816 3377 879 3424 non
907 3357 1042 3425 multum
1063 3359 1218 3426 novitatis

131 3467 326 3549 atterebant;
351 3468 425 3556 quia
452 3475 560 3538 autem
585 3469 697 3537 alienis
720 3469 866 3558 vestigiis
892 3469 1036 3538 timidius
1065 3470 1219 3539 insistere

131 3584 292 3672 tragicum
318 3582 465 3652 nostrum
501 3584 657 3672 pigebat,
690 3582 817 3651 diversa
849 3583 965 3671 priscis
993 3589 1026 3650 et
1051 3583 1218 3652 interdum

132 3698 241 3785 pejora
269 3696 470 3765 comminisci
499 3696 689 3785 cogebatur.
728 3700 763 3763 ln
795 3698 921 3765 Electra
946 3696 1015 3775 illa,
1046 3717 1146 3785 qoam
1175 3698 1219 3767 ab

132 3808 278 3898 Escbylo
292 3814 325 3878 et
347 3810 508 3898 Sophocle
532 3815 619 3877 tanta
636 3812 805 3898 majestate
826 3810 970 3878 indutam
986 3810 1220 3880 miserabiliter·
