2684 4508
543 207 703 262 -rol-

89 410 176 474 notat
202 405 352 494 Eupolis3
380 405 503 474 Socrati
529 425 606 474 vcro
629 405 848 474 adversarium
873 405 971 489 luisse
998 409 1163 497 Protago-

89 539 155 586 ram
182 518 272 586 Plato
299 517 407 586 refert.
437 517 518 599 Quid
532 516 618 606 quod
645 517 816 586 Prodicum
842 523 876 586 et
897 521 1060 588 Melonem
1080 538 1162 588 vana

88 636 321 705 somniantibus
342 635 533 705 adnumerat
555 634 817 724 Aristophanes?
843 636 953 706 Latius
973 656 1052 726 ergo
1074 644 1164 728 patet

87 749 196 819 odium
219 748 297 818 illud
323 769 387 838 quo
415 754 492 817 ante
514 767 629 818 omnes
653 751 805 818 Socrates
818 750 949 838 petitur.
978 751 1057 831 Quis
1069 771 1163 840 prae-

86 867 173 931 terea
192 861 304 930 credat
317 914 326 939 ,
341 866 476 950 propter
494 861 604 930 nescio
619 859 696 951 quid
710 883 728 930 a
742 860 933 951 philosopho
946 861 987 932 de
1002 863 1162 933 comoedia

87 974 230 1042 severius
256 973 409 1051 dictum,
424 977 472 1040 tot
491 977 524 1040 et
549 977 617 1040 tam
641 973 759 1042 acerba
781 972 921 1042 inillam
947 976 1089 1045 comicos
1105 976 1162 1044 in-

87 1086 255 1175 gessisse?
275 1089 435 1155 Caeterum
456 1085 536 1174 ipsis
550 1085 612 1154 illis
633 1084 904 1175 disputationibus
917 1107 998 1176 quas
1017 1090 1162 1158 Nubibus

88 1198 223 1268 inseruit
233 1198 482 1286 Aristophanes,
500 1218 564 1267 non
580 1197 794 1277 comoediam,
813 1197 870 1265 sed
884 1199 1033 1289 antiquos
1055 1220 1163 1271 mores

88 1316 120 1379 et
143 1314 300 1401 majorum
323 1311 467 1379 instituta
494 1310 649 1379 defendit.

129 1456 219 1527 nude
232 1456 318 1546 quod
343 1456 463 1525 bellum
486 1455 650 1525 acomicis
664 1457 876 1545 scriptoribus
902 1457 1114 1546 pbilosophiae
1131 1464 1164 1526 et

88 1571 191 1641 doctis
217 1569 520 1659 investigationibus
550 1569 706 1638 indictum
730 1591 795 1639 non
823 1572 1163 1661 intra·llristopbanei

88 1684 186 1753 seculi
212 1683 368 1752 terminos
387 1681 581 1750 continetur.
599 1681 676 1762 Quis
689 1682 811 1752 Molerii
828 1684 928 1752 nostri
942 1684 1164 1773 llarpburium

88 1795 357 1884 Pancratiumquc
371 1814 434 1862 non
456 1794 626 1862 meminit?
648 1797 847 1884 Quamquam
862 1800 970 1865 autem
985 1796 1093 1866 Gallus
1110 1797 1164 1866 ille

88 1909 258 1979 comoediae
286 1909 438 1998 princeps
469 1908 501 1974 in
529 1906 680 1975 omnibus
712 1908 810 1977 rebus
837 1909 968 1978 modum
1005 1911 1163 1979 excedere

88 2028 190 2102 vetat,
216 2028 249 2090 ct
265 2042 338 2091 cam
364 2040 493 2110 semper
512 2019 669 2089 rationem
691 2027 818 2101 tuetur,
847 2044 921 2111 quae
945 2025 1164 2097 interutrum·

88 2155 149 2223 quc
166 2134 271 2204 media
287 2135 345 2213 sit,
364 2153 470 2202 nonne
483 2132 516 2200 in
530 2131 713 2201 damnanda
730 2133 889 2204 medicina
908 2157 1021 2207 omnes
1038 2140 1168 2229 sapien-

88 2247 144 2316 tiae
173 2247 329 2314 terminos
352 2245 507 2323 excessit,
537 2264 636 2333 quum
666 2243 744 2312 nihil
770 2247 874 2335 magis
899 2248 1069 2319 ridiculum
1093 2270 1167 2320 esse

89 2363 212 2432 diceret
224 2382 321 2451 quam
335 2361 499 2430 bominem
513 2360 653 2429 hominis
668 2362 817 2431 morbum
837 2385 952 2433 sanare
964 2373 1136 2437 conantem
1149 2374 1166 2436 ‘l

88 2478 169 2560 Quid
197 2496 373 2546 memorem
398 2475 494 2546 toties
521 2475 645 2546 derisas
671 2476 703 2544 in
727 2476 863 2557 fabulis,
895 2479 1002 2549 satiris
1023 2481 1165 2551 cantile-

89 2593 179 2661 nisue
200 2591 370 2660 doctorum
389 2590 531 2659 virorum
561 2588 799 2670 dubitationes,
828 2599 861 2660 et
879 2594 1058 2664 contrarias
1080 2595 1165 2665 inter

88 2725 134 2782 se,
148 2703 199 2772 vel
218 2708 438 2792 repugnantes
456 2701 582 2791 uulgari
601 2702 745 2789 opinioni
760 2705 953 2783 sententias,
973 2713 1007 2776 et
1020 2708 1161 2788 animos,

88 2826 123 2887 ut
147 2819 192 2886 ait
206 2817 374 2895 Horatius,
390 2816 459 2886 sine
474 2815 664 2905 corporibus
683 2816 823 2895 veloces,
840 2817 1070 2910 inaccessoque
1084 2841 1167 2910 per-

89 2930 238 2998 tinaciter
250 2933 442 2998 tentantes?
464 2928 576 2997 Doctis
589 2927 687 3007 enim,
705 2933 738 2997 et
763 2949 816 2996 res
836 2931 974 3000 scrutari
989 2933 1166 3005 nitentibus

90 3063 204 3113 sensus
219 3041 271 3110 illc
295 3041 475 3110 communis
497 3061 627 3130 semper
650 3041 793 3121 obstitit,
819 3063 915 3132 quem
934 3046 1167 3117 comoediarum

90 3159 325 3245 satirarumque
345 3155 521 3244 scriptores
543 3176 562 3223 a
593 3170 629 3224 se
658 3153 789 3224 delendi
816 3155 1024 3245 profitentur;
1051 3160 1167 3252 cuique

88 3272 196 3341 omnia
211 3290 312 3348 nova,
330 3269 380 3338 vel
394 3286 412 3335 a
424 3268 548 3358 vulgari
562 3269 727 3338 intellectu
740 3271 836 3359 paulo
854 3273 1028 3342 remotiora
1053 3275 1169 3365 suspi-

89 3386 216 3454 cionem
241 3387 383 3454 mouent.

133 3527 194 3595 llic
215 3524 364 3614 equidem
390 3522 467 3614 quid
499 3542 616 3610 sensus
640 3524 820 3593 communis
844 3528 974 3596 nomine
996 3529 1167 3620 designem

89 3628 186 3728 plane
212 3634 441 3706 declarandum
464 3653 597 3703 censeo.
618 3634 775 3716 Quaedam
797 3636 922 3705 scilicet
947 3659 1054 3708 rerum
1078 3642 1164 3710 noti·

88 3748 145 3816 tiae
168 3745 333 3815 bominum
355 3743 518 3814 mentibus
548 3751 665 3834 sponte
690 3745 853 3825 insident,
885 3767 959 3837 quae
985 3768 1115 3840 semper
1133 3759 1166 3823 et

90 3860 209 3948 ubique
235 3856 416 3927 mortalium
441 3856 518 3928 vitae
548 3878 587 3926 ac
614 3856 792 3926 rationibus
833 3857 937 3927 lucem
964 3861 1162 3948 praeierunt,
