2684 4508
593 228 734 284 ..43-

126 427 153 494 si
168 427 251 494 lbrte
265 424 364 514 empti
389 424 533 513 suffragii
548 433 603 493 aut
622 427 737 514 patriae
752 424 890 513 prodilae
905 425 1097 494 convincere
1118 423 1206 492 illum

126 539 233 616 liceat,
247 544 279 606 et
291 538 531 605 fallacissimum
546 538 672 625 peccati
688 536 843 605 indicium
862 538 1041 626 arripiens:
1061 563 1074 598 v
1096 536 1209 605 Audis·

126 654 179 730 tis,
198 653 326 728 clamat,
344 651 470 718 osociil
497 655 531 718 ln
547 652 617 739 ipso
633 651 755 720 scelere
766 651 966 740 deprehendi
977 650 1160 718 Niciam-
1169 652 1210 717 nt
1235 692 1238 696 -

127 786 196 844 vos,
215 766 392 853 respondet
406 763 498 841 alter,
530 770 673 832 amente
688 765 785 852 capti,
804 764 1005 852 optimumne
1019 763 1123 831 virum
1147 763 1212 830 ali-

128 883 205 973 quid
218 883 404 951 molientem
415 881 736 970 deprehendatis1‘l»
752 885 819 950 Nec
831 881 895 949 dun
910 880 1084 970 Phrynichi
1099 901 1212 949 versus

127 1020 146 1066 a
161 996 333 1079 Plutarcho
351 996 439 1064 citati
453 995 628 1085 quidquam
644 994 728 1063 aliud
745 998 867 1082 praeter
883 993 1010 1062 solitam
1024 993 1111 1061 illam
1124 999 1156 1061 et
1169 993 1210 1061 ab
1329 995 1332 999 ’

128 1110 280 1178 omnibus
304 1109 510 1177 decantatam
530 1108 738 1178 timiditatem
760 1107 1001 1195 exprobranl2.
1027 1111 1075 1174 De
1089 1107 1212 1196 Thucy·

128 1223 204 1290 dide
219 1229 338 1301 autem,
354 1223 407 1311 qui
420 1229 495 1290 ante
507 1223 630 1291 Niciam
645 1223 819 1310 optimates
840 1227 874 1289 et
888 1220 1211 1290 Lacedaemoniorum
1255 1243 1258 1249 ·

129 1337 252 1404 amicos
266 1335 421 1414 duxerat,
436 1335 541 1405 nullos
552 1337 695 1405 comicos
705 1356 831 1414 versus,
847 1340 970 1424 praeter
980 1354 1101 1422 paucos
1117 1334 1213 1401 hris-

128 1449 313 1538 tophanis3,
341 1469 402 1516 nec
423 1449 607 1518 mehercule
622 1450 770 1527 acerbos,
795 1448 992 1536 accepimus.
1014 1445 1211 1534 Diopithem,

127 1562 230 1630 Niciae
243 1562 377 1640 socium,
388 1563 498 1650 plures
508 1562 645 1631 insaniae
656 1566 770 1630 notant
782 1566 814 1629 et
824 1560 999 1642 avaritiae⁴3
1013 1557 1113 1627 sedin
1126 1558 1214 1626 omni

131 1675 271 1742 factione
286 1674 466 1748 istiusmodi
481 1680 651 1743 versantur
664 1673 815 1742 homines
827 1693 908 1762 quos
932 1694 1027 1744 nemo
1050 1678 1212 1751 vereatur,

131 1807 228 1854 nemo
238 1787 347 1875 magni
361 1787 469 1864 faciat,
482 1786 599 1876 quibus
609 1793 730 1865 tamen
746 1792 781 1854 ut
789 1786 940 1874 parasitis
950 1785 1129 1864 famulisve,
1143 1805 1217 1873 par·

129 1900 211 1968 tium
235 1900 334 1969 duces
363 1906 505 1968 utantur.
529 1901 682 1982 Quamvis
705 1920 784 1989 ergo
806 1899 968 1968 terribiles
989 1896 1034 1967 illl
1053 1898 1213 1978 libidinis,

131 2014 278 2082 avaritiae
293 2015 501 2104 stultitiaeque
514 2015 727 2103 castigatores
742 2015 806 2083 huc
819 2014 895 2083 illue
907 2019 1032 2082 temere
1051 2013 1115 2082 tela
1130 2034 1216 2082 con-

126 2128 247 2216 jecisse
270 2127 450 2206 videantur,
464 2149 533 2196 rem
548 2135 658 2196 lamen
672 2133 796 2196 attente
808 2128 1010 2197 intuentibus
1023 2127 1215 2215 optimatum

131 2248 242 2330 partes
248 2242 288 2310 ab
299 2242 338 2308 iis
348 2262 412 2310 non
420 2243 539 2311 acriter
547 2242 714 2310 lacessitas
724 2242 825 2310 fuisse
837 2241 1079 2335 constabit,imo
1090 2240 1217 2329 sapien·

131 2354 256 2422 tissima
270 2374 407 2444 quaeque
422 2356 614 2443 optimatum
628 2354 670 2422 de
689 2374 771 2441 pace
795 2374 833 2421 ac
848 2353 946 2440 rebus
962 2352 1117 2442 gerendis
1131 2373 1217 2420 con-

131 2467 202 2535 silia
217 2473 374 2555 perpetuo
394 2467 503 2556 adjuta
525 2487 610 2536 esse.
636 2470 725 2535 Unus
749 2466 961 2543 comicorum,
979 2440 1217 2553 Polyzelus'ut

132 2602 173 2650 ex
186 2580 376 2669 fragmentis
399 2579 560 2668 conjicere
583 2579 668 2656 licet,
684 2578 874 2667 popularem
888 2578 1216 2668 reipublicaestatum

131 2693 355 2781 aTbrasybulo
363 2694 547 2761 restitutum
560 2690 764 2774 celebravit⁵3
782 2713 845 2780 qua
855 2697 963 2759 autem
975 2691 1007 2759 id
1014 2698 1124 2760 mente
1133 2693 1221 2761 fece·-

133 2809 185 2886 rit,
198 2801 330 2896 ⁴qualem
344 2808 465 2895 populo
477 2806 623 2875 victoriae
642 2826 736 2873 usum
751 2806 889 2885 suaserit
902 2805 1077 2874 nescimus.
1102 2807 1134 2874 Si
1149 2790 1220 2875 im-

133 2927 289 3009 portunos
303 2906 469 3009 tyrannos,
483 2940 619 3008 quorum
634 2918 780 3007 plerique
795 2917 961 2986 rhetorum
986 2939 1025 2986 ac
1047 2918 1219 3007 sophista-

132 3052 204 3100 rum
219 3031 339 3099 scholis
351 3037 532 3108 evaserant,
543 3029 679 3118 imperio
690 3028 834 3118 dejectos
848 3028 979 3117 gavisus
990 3035 1049 3107 est,
1060 3028 1215 3117 populum

131 3167 208 3214 vero
227 3145 268 3213 ad
287 3144 436 3232 antiquos
448 3164 566 3222 mores,
584 3143 624 3210 ad
638 3142 775 3211 liberam
788 3142 883 3210 simul
898 3142 1141 3231 modestamque
1155 3164 1217 3211 ra-

168 3471 177 3498 ¹
199 3470 300 3540 Eupolis
315 3489 330 3525 a
343 3471 411 3526 Plut.
427 3470 470 3525 cit.
488 3471 514 3525 in
528 3471 600 3537 Nic,
619 3489 643 3525 c.
662 3474 688 3526 l.
714 3503 742 3524 =
770 3471 780 3500 ²
800 3470 917 3544 Phrynic.
934 3468 1029 3528 aPlut.
1046 3471 1089 3528 cit.
1106 3471 1131 3527 in
1142 3473 1212 3538 Nic,

131 3577 155 3614 c.
171 3561 198 3616 l.
213 3575 241 3596 =
260 3561 273 3601 ὅ
291 3559 430 3630 Aristoph„
446 3559 572 3626 Achaea„
589 3559 716 3625 lot-71⁰2,
732 3589 758 3599 ·
787 3561 827 3616 vel
841 3561 933 3632 potius,
954 3559 1038 3633 Vespa,
1054 3561 1105 3616 947
1120 3569 1146 3615 et
1158 3578 1213 3632 sqq.

131 3645 178 3700 Hic
189 3646 290 3717 quidem
297 3646 475 3717 Aristophanes
486 3646 656 3718 Thucydidem
670 3646 786 3702 miserari
800 3648 881 3720 magis
896 3664 969 3720 quam
981 3648 1095 3704 deridere
1105 3648 1212 3714 videtur,

105 3773 109 3782 ,
131 3732 184 3803 qui,
202 3749 279 3804 quum
293 3734 319 3788 in
331 3733 426 3804 judicio
440 3751 467 3789 se
482 3733 616 3790 delendave
631 3733 751 3800 deberat,
769 3735 855 3791 subita
867 3735 1029 3792 obmutuerit.
1050 3753 1079 3775 =
1103 3736 1113 3763 ⁴
1128 3735 1212 3791 Schol.

132 3822 246 3893 Aristoph
267 3867 273 3890 ‚
299 3825 330 3879 ad
344 3824 445 3896 liquit,
463 3842 488 3880 v.
506 3824 587 3882 1085.
605 3847 632 3869 =
660 3824 754 3891 ”Suid
772 3825 841 3882 verb.
859 3828 1022 3887 uolatile...
1037 3833 1064 3881 et
1078 3839 1130 3882 var.
1148 3827 1212 3896 hag.

132 3911 197 3966 nihl.
214 3911 297 3968 luder.
