2684 4508
608 180 729 234 -p..

126 393 161 458 et
188 380 319 476 tragica
337 378 511 455 cumicave
534 377 634 453 Musa
651 377 850 474 interprete,
869 375 1100 450 temeritatem
1120 399 1209 472 gan·

125 503 169 577 tis
188 494 383 576 incendisse
396 500 494 590 alios,
508 498 594 573 alios
608 507 724 573 autem
745 496 956 579 coercuisse.
973 497 1010 569 ld
1027 505 1157 586 tamem
1170 507 1210 570 ut

125 624 321 716 verisimile,
334 624 382 697 ita
395 646 512 697 verum
528 645 598 697 non
611 645 687 696 esse
701 620 924 718 comperitur,
937 643 1003 695 nec
1015 619 1105 693 inter
1121 642 1208 717 poe·

125 757 178 822 tus
204 746 396 844 plebicolis,
415 757 450 819 et
480 744 702 843 popularium
730 744 912 819 turbarum
942 743 1212 848 auctoribus‚et

125 869 182 943 isti
200 868 340 943 factioni
368 891 458 966 quae,
479 878 519 941 ut
543 867 644 941 Plato
668 866 871 964 Tulliusque
890 866 1013 940 dicunt
1023 874 1045 955 ¹,
1065 848 1210 938 nimiam

126 990 322 1065 libertatem
341 990 425 1080 sitit,
441 989 552 1064 ullum
572 1012 681 1087 prope
701 989 817 1064 locum
831 989 988 1062 relictum
1004 988 1119 1061 luisse.
1136 986 1210 1084 Op·

127 1113 288 1188 timatum
307 1136 445 1210 semper
464 1135 570 1187 scena
589 1111 671 1202 suit;
699 1112 924 1210 optimatibus
941 1112 1012 1185 sere
1032 1111 1113 1186 solis
1132 1109 1214 1183 savit

126 1247 273 1336 utraque
292 1260 405 1311 musa.
426 1236 525 1321 Quod
541 1235 682 1334 quidem
702 1246 737 1309 et
752 1235 918 1333 exemplis
937 1234 1084 1331 probare
1097 1242 1212 1307 tenta-

127 1356 257 1449 bimus,
282 1370 316 1431 et
346 1357 394 1430 ita
425 1355 638 1454 argumentis
666 1355 850 1447 illustrare,
869 1367 908 1430 ut
934 1378 1039 1453 quam
1065 1354 1214 1452 quisque

54 1503 57 1509 ’
127 1480 297 1555 rationem
317 1489 419 1576 poeta
445 1489 587 1553 secutus
620 1478 676 1569 sit,
695 1478 777 1577 quid
798 1478 881 1553 boni
900 1479 1038 1569 malive,
1059 1478 1130 1551 acri
1152 1491 1213 1552 aut

128 1604 319 1694 moderato,
346 1601 469 1681 callido
505 1612 569 1681 aut
594 1601 807 1698 imprudenti
844 1602 978 1694 studio,
1005 1602 1213 1701 optimatum

129 1724 287 1824 partibus
305 1723 470 1813 attulerit,
487 1723 590 1822 plane
609 1723 851 1823 perspiciatur,
862 1723 935 1799 Nec
953 1724 1039 1799 illud
1057 1748 1212 1822 quaerere

130 1846 344 1938 omittemus,
360 1845 474 1925 curin
488 1847 579 1921 hanc
600 1846 811 1930 sententiam.
828 1846 950 1926 diversi
971 1848 1140 1938 moribus,
1158 1846 1215 1920 in-

24 2012 27 2017 ,
130 1969 248 2068 genio,
264 1967 495 2068 philosophia,
513 1967 575 2048 viri
595 1967 846 2053 inclinaverint

182 2115 379 2196 Sedunum
400 2124 480 2190 ante
499 2113 617 2191 omnia
632 2114 949 2214 definitumque
964 2117 1034 2192 sint
1052 2118 1088 2190 in
1102 2118 1216 2192 Attica

83 2336 86 2341 ⁵
131 2237 267 2316 ciuitate
299 2237 504 2334 optimatum
524 2247 658 2336 partes,
674 2239 760 2336 quid
781 2262 980 2331 commum,
999 2241 1083 2338 quid
1110 2240 1215 2315 dissi-

132 2359 325 2470 mileinter
343 2383 380 2437 se
412 2360 461 2433 illi
481 2361 644 2454 habeant,
666 2363 728 2459 (pei
750 2363 818 2437 hoc
836 2365 978 2440 nominc
1004 2364 1132 2463 pariter
1151 2388 1215 2462 ap-

134 2484 316 2581 pellantur.
338 2482 554 2581 Optimatum
574 2483 669 2571 enim
689 2486 796 2562 duces
815 2497 850 2562 et
866 2487 1055 2586 lsagomm,
1067 2499 1102 2562 et
1118 2488 1218 2563 dris-

133 2606 268 2698 tidem,
284 2616 321 2684 et,
354 2605 558 2697 Cimonem,
591 2619 626 2682 et
666 2607 904 2706 Thucydidem
930 2610 1147 2708 Alopecium,
1185 2621 1220 2684 et

135 2727 286 2818 Niciam,
299 2738 335 2802 et
353 2727 621 2818 Theramenem,
640 2739 679 2805 et
692 2729 846 2822 llritiam,
865 2730 1014 2805 historia
1028 2742 1138 2822 vocat,
1153 2754 1219 2806 nec

136 2850 235 2925 facile
266 2850 380 2947 primo
414 2848 621 2945 intelligitur
643 2852 819 2948 quomodo
856 2853 922 2928 sub
953 2853 1077 2928 iisdem
1109 2852 1224 2948 signis

137 2996 258 3051 omnes
276 2973 338 3063 illi,
350 2973 446 3050 inter
459 2995 497 3048 se
517 2982 588 3048 tam
607 2973 854 3072 discrepantes,
867 2975 1017 3051 militare
1030 2976 1215 3073 potuerint.

138 3093 208 3167 Sed·
224 3093 252 3169 si
272 3093 457 3191 optimates
474 3114 534 3169 aas
553 3091 588 3165 in
608 3091 722 3172 Attica
740 3092 874 3170 civitate
892 3094 999 3169 fuisse
1018 3095 1219 3186 dixerimus,

51 3211 52 3215 ‘
138 3216 196 3313 qui
224 3217 431 3313 popularem
459 3215 662 3314 reipublicae:
690 3228 835 3308 statum,
857 3216 977 3315 populi
1009 3217 1154 3292 consilia
1184 3230 1220 3292 et

140 3338 334 3415 voluntates
351 3339 429 3417 idco
448 3337 613 3417 inscctari
633 3338 723 3415 soliti
752 3339 833 3430 sint,
850 3349 890 3414 ut
908 3340 1097 3438 potentiam
1118 3363 1218 3415 suam

141 3583 379 3598 ρ--ι-ι

174 3757 182 3800 ¹
204 3755 285 3823 Plato,
300 3755 337 3813 lle
350 3754 470 3829 liupolt,
485 3755 515 3814 L.
530 3755 603 3823 llll,
619 3772 676 3828 pag.
699 3755 750 3814 15ss
765 3755 882 3829 (incdit.
898 3757 1016 3814 Schneid.
1032 3765 1057 3813 ct
1068 3757 1133 3813 Bibl.
1150 3757 1217 3820 nid.)

137 3871 172 3883 ·-
185 3841 283 3910 Cicero,
299 3844 340 3899 Do
352 3841 473 3916 liupolt,
488 3843 517 3901 l.
533 3843 553 3911 1,
569 3841 585 3916 ἓ
597 3843 642 3948 dd.
