2684 4508
597 173 729 228 -53,

126 366 319 436 oomoediam
334 387 430 445 anno,
449 368 659 456 stipaverunt,
677 376 710 437 et
724 370 755 436 in
771 372 995 459 perpetrandis
1010 372 1209 443 facinoribus

125 479 299 568 adjuvaret
325 483 438 548 Nonne
457 481 593 550 miseros
614 481 701 550 aives
717 482 866 551 Eleusine
889 484 1047 552 abductos
1066 485 1099 552 in
1121 485 1209 554 lioto

126 613 197 663 rum
210 593 562 663 manustradidernnt‘l
583 598 708 674 Nonne,
733 595 829 665 Critia
853 596 1034 677 interfecto,
1052 604 1085 666 et
1099 599 1210 667 Thra-

125 707 229 797 sybuli
245 707 406 776 sooiorum
419 728 552 777 numero
567 715 745 788 arescente,
761 731 938 799 paucorum
953 711 1211 782 dominationem

125 821 322 890 constituere
342 821 457 889 animis
479 822 737 900 obstinaverant,
765 827 798 891 et
818 823 932 892 dooern
955 845 1056 893 novos
1080 825 1211 915 magis-

126 939 229 1003 tratus
254 934 307 1023 qui
336 954 388 1003 res
415 934 562 1023 publicas
589 956 662 1003 oum
690 937 833 1026 equiturn
863 937 1029 1025 magistris
1056 944 1212 1026 regerent

11 1120 16 1127 .
128 1046 295 1137 eligendos
309 1051 506 1145 curavere¹l

169 1189 353 1258 -Cleonis
378 1189 508 1278 quidem
531 1195 688 1278 ternpore,
717 1191 864 1277 ¹nondum
888 1212 944 1260 eos
969 1193 1076 1261 stultis
1096 1193 1211 1283 populi

127 1305 268 1375 consiliis
286 1311 319 1374 et
336 1300 454 1374 misem
469 1310 683 1394 Syracusanae
704 1307 917 1397 expeditionis
939 1315 1056 1378 eventu
1072 1331 1211 1380 exacer-

126 1420 232 1501 batos,
248 1420 289 1490 ad
300 1421 364 1490 vim
378 1426 411 1489 et
423 1421 646 1490 crudelitatem
661 1423 766 1490 minus
778 1443 958 1511 propensos
972 1425 1072 1494 luisse
1093 1445 1211 1494 oonoe⁴

127 1534 223 1617 dam3
243 1535 385 1603 nondum
408 1536 506 1603 etiam
525 1534 720 1604 immanibus
740 1535 810 1604 istis
834 1536 970 1606 duribus
994 1538 1210 1626 parebant‚a

94 1627 105 1635 ’
128 1646 245 1736 quibus
257 1646 301 1713 nil
315 1647 437 1722 saneti,
462 1647 506 1715 nil
519 1648 612 1736 pensi
627 1647 828 1732 habebatur;
849 1649 922 1737 pius
935 1669 1024 1730 vero,
1048 1657 1082 1718 et
1098 1653 1207 1732 mitis,

53 1813 55 1817 Α
128 1764 161 1827 et
173 1759 305 1828 timidus
314 1761 421 1830 Nioias
434 1760 512 1830 nihil
526 1781 592 1839 eos,
598 1761 658 1830 nisi
670 1781 730 1850 per
744 1761 905 1850 legitimas
915 1770 1051 1832 artesae
1061 1764 1143 1844 vias,
1156 1766 1210 1834 ad·

127 1891 239 1940 versus
250 1873 438 1960 popularem
448 1873 665 1941 temeritatem
673 1879 800 1942 tentare
812 1874 950 1943 sinebat.
966 1875 1119 1944 Cleonem
1129 1897 1210 1966 ergo

21 2026 41 2047 -2
128 2004 226 2072 quum
236 1985 268 2052 in
278 1985 363 2053 furto
373 2006 412 2053 ao
421 1984 605 2074 corruptela
615 1986 853 2074 deprehensum
863 1993 896 2056 et
906 1987 1080 2079 adjudices
1092 1989 1212 2058 addua

128 2102 196 2165 turn
215 2097 354 2187 quinque
368 2096 501 2177 talenta,
524 2102 561 2166 ut
582 2098 628 2166 ait
651 2098 895 2188 Aristophanen,
913 2119 1064 2169 evomere
1083 2121 1210 2190 coege-

129 2213 230 2290 runt²,
244 2211 375 2289 forensi,
391 2215 428 2279 ut
442 2211 486 2278 ita
500 2210 767 2302 droamvirtoria,
781 2213 925 2281 nonnulli
940 2234 1052 2282 eorum
1067 2215 1211 2303 privatas

128 2325 262 2415 injurias
275 2325 333 2393 ulti
348 2331 445 2415 sunt;
462 2346 537 2394 nam
547 2325 582 2394 -si
598 2329 711 2395 Graeoo
725 2329 881 2414 Equitum
904 2327 1073 2416 interpreti
1096 2326 1210 2396 oredi-

122 2459 201 2507 -mus
219 2441 312 2527 (Sool.
329 2437 370 2506 ad
383 2460 414 2506 v.
435 2440 528 2526 225),
546 2439 616 2528 ipse
630 2439 716 2518 Cleo,
733 2460 832 2529 quum
845 2440 1007 2529 equitibus
1025 2439 1211 2528 adscriptus

130 2551 291 2630 militaret,
308 2553 425 2619 multas
440 2553 487 2620 eis
506 2553 670 2621 molestias
690 2553 842 2641 praebuit‚
858 2551 978 2622 deserti
991 2552 1087 2621 offioii
1106 2551 1211 2621 soda-

130 2664 177 2733 les
190 2665 312 2754 saepius
325 2666 520 2734 accusando.
535 2668 587 2745 tlt,
596 2666 741 2755 quamvis
755 2666 838 2734 intra
848 2666 957 2755 legum
969 2666 1126 2734 terminos
1141 2685 1213 2734 sese

131 2778 238 2847 adhue
260 2779 479 2858 oontinerent,
504 2780 696 2872 optimatum
719 2780 872 2870 potentiae
895 2800 952 2848 eos
975 2781 1084 2848 favere
1114 2800 1209 2847 nemo

128 2891 300 2961 dubitabat
306 2916 315 2976 ;
333 2912 395 2961 neo
412 2893 481 2960 lieri
499 2894 604 2981 potuit
620 2895 696 2983 quin
714 2893 958 2982 Aristophanes,
979 2893 1120 2960 amioum
1137 2911 1209 2960 sese

126 3005 290 3095 equitibus
299 3006 465 3095 profitens,
482 3006 559 3075 lruio
570 3007 701 3074 faotioni
714 3005 991 3085 adnumeraretur,
1006 3009 1097 3097 oujus
1111 3006 1210 3076 robur

128 3139 169 3187 ao
182 3138 300 3188 nervus
323 3119 481 3208 equestris
502 3118 581 3187 ordo
602 3123 683 3187 orat.
699 3122 766 3187 Nee
782 3119 843 3186 illis
860 3119 997 3187 fortasse
1017 3118 1130 3187 inutile
1151 3119 1213 3187 fnit

130 3233 171 3301 ab
186 3252 225 3300 eo
235 3232 379 3315 laudari;
396 3232 513 3301 oooulti
528 3232 659 3301 enimin
674 3232 938 3301 Lacedaemonios
950 3231 1048 3300 studii
1068 3251 1213 3320 suspeo-

34 3338 37 3343 ⁴
127 3350 178 3413 tos
200 3344 347 3412 homines
371 3344 544 3413 nouissimo
566 3342 652 3412 bello
666 3343 822 3412 adversus
845 3344 932 3433 ipsos
948 3344 1213 3415 Lacedaemonios

130 3622 369 3635 ..——-

169 3854 176 3881 ⁸
198 3853 320 3923 llenoplr.,
339 3851 406 3907 Hell.
430 3852 457 3908 L.
476 3852 506 3915 ll,
523 3871 544 3909 c.
562 3855 587 3908 li.
603 3865 631 3885 =
656 3855 669 3890 ²
689 3853 824 3923 llristoph.,
842 3851 976 3917 dolorm,
997 3870 1021 3942 a.
1038 3853 1064 3906 d.
