2684 4508
591 210 747 264 -tun-

128 407 185 475 scd
213 407 354 496 propriae
370 406 514 474 utilitatis
542 405 711 484 amantior,
740 411 773 474 et
793 407 877 473 veris
905 405 1032 473 falsisve
1058 405 1208 493 periculis

127 541 258 610 semper
276 521 418 598 territus,
442 520 586 588 omnium
610 513 785 587 factionum
799 519 968 609 transfuga
991 524 1124 587 voratus
1145 526 1204 597 esf,

129 636 290 702 Gotburno
319 633 432 701 similis
459 632 513 721 qui
539 631 667 721 utrique
687 630 807 719 pedum
836 632 956 720 pariter
983 633 1205 700 corrvcuiebat.

128 749 290 826 Quantam
319 745 499 832 plebeculae
527 745 650 813 rabiem
674 745 829 813 advorsus
855 744 1088 832 Arginusarum
1109 744 1209 812 duces

126 857 313 936 concitavit,
332 877 396 925 non
414 858 510 925 aliam
525 859 567 926 ob
585 879 716 927 causam
731 877 828 947 quam
841 857 927 944 quod
947 856 1107 945 sacrilegii
1132 877 1210 924 sus-

126 971 291 1059 picionem
305 992 323 1038 a
338 991 374 1037 se
398 977 545 1039 avertere
560 972 713 1060 cupiebat
726 978 732 1039 l
751 975 875 1039 Decora
889 976 999 1037 tamen
1014 976 1117 1038 morte
1132 991 1209 1038 ver-

126 1083 254 1152 satilem
279 1084 378 1152 vitam
393 1083 504 1161 finivit,
519 1090 551 1151 et
565 1085 597 1151 in
613 1083 795 1152 novissimis
814 1081 929 1150 diebus
944 1083 1087 1151 Socratis
1105 1082 1211 1151 disci-

126 1197 216 1286 plina
232 1196 438 1285 amicitiaque
452 1195 633 1284 digniorem
646 1217 681 1264 se
696 1196 860 1285 praestitit.
873 1195 988 1264 Critias
1001 1216 1078 1263 vero
1091 1203 1210 1286 quanta

128 1313 160 1379 in
181 1311 305 1379 scelera
320 1331 355 1378 se
371 1311 504 1379 effuditl
524 1316 564 1380 Ut
578 1312 656 1380 satis
676 1311 783 1379 mirari
801 1332 863 1378 non
883 1311 1005 1398 possim
1020 1312 1105 1399 quod
1120 1312 1211 1379 Plato

127 1424 279 1492 immanis
292 1425 420 1512 tyranni
434 1425 624 1492 memoriam
645 1425 740 1492 toties
755 1424 848 1492 nobis
858 1423 889 1490 in
906 1424 1048 1492 animum
1067 1432 1207 1502 revocat,

127 1544 161 1605 et
174 1537 323 1607 laudibus
340 1558 498 1606 exornare
512 1544 658 1616 conatur,
670 1537 801 1625 generis
813 1537 1065 1625 propinquitate,
1079 1538 1207 1626 opinor,

126 1676 166 1723 ac
181 1655 345 1724 communi
360 1655 525 1744 popularis
538 1655 726 1743 reipublicae
740 1653 815 1721 odio
830 1660 985 1722 caecatus.
1000 1653 1049 1720 Nil
1065 1653 1105 1720 de
1119 1653 1211 1723 aloi-

126 1770 225 1839 biade
241 1768 364 1858 loquor,
382 1789 478 1858 quem
492 1790 510 1836 a
531 1771 701 1857 juventute
716 1772 903 1857 protervum
918 1771 1070 1834 Socrates
1086 1769 1211 1855 praevi-

125 1884 207 1952 dere
219 1885 340 1971 proluit
354 1883 536 1972 improbam
548 1883 649 1951 vitam
659 1890 818 1951 acturum.

172 2021 260 2090 Alios
273 2025 382 2088 autem
401 2019 578 2108 discipulos
595 2021 709 2090 babuit
722 2020 787 2109 qui,
813 2041 911 2109 quum
930 2020 1117 2110 reipublicae
1132 2021 1211 2089 nul·
1313 2062 1316 2067 -

128 2133 192 2201 lam
211 2138 338 2221 partem
357 2133 566 2223 attingerent,
586 2133 829 2222 philosophicas
849 2140 958 2202 tamen
975 2133 1145 2222 opiniones
1171 2153 1210 2201 ac

126 2244 315 2334 disputandi
328 2244 470 2313 studium
484 2246 548 2313 late
557 2266 713 2335 spargere
726 2251 895 2334 poterant:
916 2247 948 2314 in
965 2246 1016 2314 lris
1027 2245 1210 2334 Cbaerepho

127 2359 272 2427 eminere
285 2357 400 2441 voluit;
418 2358 473 2447 qui
487 2359 671 2438 Socraticis,
688 2367 724 2427 ut
738 2360 782 2428 ita
797 2360 914 2439 dicam,
935 2360 1062 2429 arcanis
1081 2359 1209 2428 admis-

127 2493 195 2551 sus,
210 2471 362 2560 quaedam
379 2470 552 2540 audaciora
568 2471 703 2540 forsitan
720 2472 831 2552 audiit,
856 2494 930 2564 quae
944 2474 1049 2571 palam
1067 2472 1119 2542 edi
1139 2473 1209 2542 sino

126 2586 271 2675 periculo
289 2606 352 2655 non
368 2584 497 2654 licebat.
522 2583 580 2651 llic
598 2585 727 2674 quidem
747 2587 844 2654 nimia
860 2570 1030 2656 sedulitate
1045 2593 1079 2655 et
1099 2588 1209 2656 laudi-

127 2702 189 2770 bus
205 2700 268 2768 illis
287 2719 367 2788 quas
389 2719 428 2766 ex
444 2698 600 2786 Apollinis
617 2699 714 2787 adyto
733 2701 895 2770 referebat
917 2702 1073 2791 magistro
1101 2703 1208 2770 inter-

127 2816 205 2884 dum
220 2814 343 2883 nocuit.
361 2811 529 2900 Euripides
544 2832 632 2890 vcro,
651 2813 769 2903 insigni
787 2814 917 2903 ingenio
936 2815 1048 2893 fretus,
1067 2815 1208 2904 philoso-

127 2927 239 3017 plriam
253 2928 285 2995 in
300 2946 432 2995 scenam
454 2926 608 2994 inducere
631 2927 768 3005 studuit,
792 2932 825 2996 et
848 2928 891 2997 ob
911 2928 996 2997 banc
1023 2928 1207 3018 praesertim

128 3057 273 3113 causam,
293 3037 515 3125 Aristophanis
533 3037 565 3103 in
580 3056 615 3104 se
626 3038 718 3125 Jocos
737 3057 955 3125 procacosque
973 3036 1107 3105 facetias
1122 3057 1207 3103 con-

128 3154 234 3221 vertit.
