2684 4508
634 179 790 232 -raa-

173 371 304 438 Hecuba
318 371 516 458 interprete,
535 371 724 459 pronuntiat
741 396 781 459 μ
801 375 826 441 Ο
841 373 945 461 tuqui
962 379 1084 440 terram
1099 373 1250 449 sustines,

171 493 205 558 et
218 488 250 555 in
271 489 342 577 ipsa
356 493 444 555 terra
459 487 571 556 sedem
586 489 707 567 babes,
726 489 871 578 quisquis
885 509 937 568 es,
958 511 977 557 o
997 490 1132 577 Jupiter,
1159 509 1253 578 quem

170 602 357 689 conjectura
374 602 501 690 assequi
516 603 705 691 nequimus,
735 603 804 671 sire
821 609 948 671 uaturae
971 602 1169 681 necessitas,
1188 604 1254 671 sire

172 713 339 782 bominum
361 714 562 793 intellectus,
579 721 612 782 te
628 716 711 783 rotis
724 715 850 783 adoro:
872 717 980 784 omnia
1001 716 1087 783 enim
1108 716 1255 784 mortalia

170 847 229 915 per
240 827 376 896 tacitum
391 827 452 896 iter
469 827 509 894 ad
521 828 680 916 iustitiam
695 827 788 897 ducis
800 835 822 895 ¹.
844 857 856 889 r
926 844 929 855 ·

217 971 302 1047 Quot
315 973 349 1036 et
361 988 459 1056 quam
472 987 590 1056 graves
607 967 795 1055 disputandi
810 988 925 1036 causas
944 969 1086 1056 quinque
1106 967 1255 1035 versibus

170 1081 306 1149 suscitat
318 1079 503 1170 'Euripides
518 1087 526 1148 l
555 1081 588 1148 Si
612 1080 699 1148 enim
717 1081 843 1169 Jupiter
860 1094 992 1149 nature
1007 1083 1174 1148 necessitas
1197 1094 1252 1159 est,

170 1213 234 1284 quo
248 1213 323 1262 eum
343 1192 432 1262 cultu
455 1199 715 1282 prosequamur?
736 1197 805 1262 lmo
821 1214 898 1262 num
919 1192 1038 1282 aliquid
1053 1199 1104 1261 est
1126 1205 1256 1260 nature

170 1305 224 1374 illa
247 1309 435 1386 necessitas,
463 1306 550 1395 quod
573 1305 725 1385 adorari,
748 1305 810 1374 coli
833 1307 1020 1395 placarique
1042 1305 1177 1395 possit‘l
1202 1305 1257 1384 Sin

172 1426 281 1488 autem
303 1421 466 1488 lominum
479 1423 671 1498 intellectus,
688 1420 790 1489 timeo
805 1440 846 1487 ne
856 1421 925 1508 jam
940 1438 1085 1487 summus
1101 1418 1155 1488 ille
1170 1423 1255 1499 Deus
1296 1456 1301 1480 ,

171 1531 278 1600 nullus
306 1532 359 1600 sit.
387 1531 444 1600 His
469 1532 604 1601 vocibus
632 1533 771 1620 Spiuosa
798 1530 1014 1620 Hegeliusque
1040 1531 1254 1620 praenuntiari

171 1644 250 1713 mihi
263 1644 433 1727 ridentum
457 1644 513 1714 hic
527 1665 590 1713 non
604 1650 834 1733 Anaxagoram
847 1645 971 1723 solum,
989 1646 1081 1733 cujus
1094 1644 1127 1713 in
1143 1645 1255 1733 primis

171 1757 349 1846 discipulus
375 1758 475 1828 luisse
498 1760 600 1827 fertur
615 1758 810 1848 Euripides,
831 1757 888 1826 sed
910 1757 1122 1846 philosophos
1143 1778 1256 1827 omnes

172 1892 211 1939 ae
230 1871 393 1959 sophistas
407 1871 549 1940 contusis
571 1871 679 1939 adbuc
705 1871 913 1959 opinionibus
933 1871 1093 1939 Graeciam
1111 1871 1255 1960 implen-

172 1991 241 2062 tes,
259 1982 367 2052 audio.
384 1984 467 2066 Quid
480 1985 507 2053 si
525 1984 612 2052 illam
627 1985 791 2054 nascentis
806 1985 917 2054 mundi
932 1985 1186 2073 descriptionem
1200 2005 1256 2053 re-

173 2095 356 2175 cordamur,
383 2097 439 2165 ubi
463 2099 550 2166 varia
571 2118 679 2167 rerum
702 2099 862 2167 elementa
886 2103 1002 2188 sponte
1029 2118 1088 2166 sua
1113 2099 1199 2167 inter
1222 2119 1256 2167 se

172 2209 312 2278 discreta
329 2210 430 2279 fuisse
452 2211 641 2290 contendit,
673 2213 919 2291 Democritum,
950 2217 985 2280 ut
1011 2211 1164 2291 arbitror,
1191 2212 1256 2280 du—

174 2342 245 2390 rem
273 2323 477 2418 potissimum
502 2325 684 2393 secutus²t
707 2325 751 2404 si,
770 2324 859 2393 hunc
883 2326 1082 2413 Melanippes
1104 2345 1253 2403 versum,

172 2453 269 2523 quem
299 2436 341 2504 ob
375 2435 488 2524 judieii
522 2437 672 2505 timorem
698 2437 871 2506 correxit:
904 2438 1079 2528 «Jupiter,
1113 2438 1258 2528 quisquis

173 2550 243 2629 est;
269 2544 354 2615 lama
369 2547 456 2614 euim
474 2549 698 2649 tantummodo
712 2568 787 2617 eum
802 2549 876 2617 novi
887 2545 923 2616 ³⁴?
943 2575 958 2610 »
983 2548 1150 2637 Ejusmodi
1174 2570 1257 2638 pro-

174 2657 259 2727 lecto
273 2659 443 2728 sententiis
466 2660 552 2728 nulla
568 2661 619 2728 vis
646 2661 732 2730 inest
747 2661 790 2730 ad
811 2661 1066 2754 confirmandam
1090 2662 1257 2732 hominum

66 2864 68 2874 Ι
173 2772 349 2861 pietatem;
366 2781 400 2842 et
422 2774 624 2844 dubitatione
637 2776 746 2863 potius
760 2795 857 2865 quam
871 2796 953 2864 pura
977 2776 1135 2865 religione
1156 2797 1258 2870 spec÷

173 2884 312 2954 tantiam
327 2892 462 2974 pectora
490 2888 537 2956 sio
564 2888 793 2977 implebantur.
823 2893 890 2958 Nec
910 2888 952 2958 de
978 2885 1121 2958 Deorum
1142 2896 1257 2959 natura

174 3004 397 3087 tantummodo
431 3005 555 3074 incerta
579 3007 704 3094 profert.
730 3007 917 3096 Euripides3
944 3007 978 3074 in
1004 3008 1156 3082 omnibus
1179 3030 1256 3098 yero

174 3118 331 3188 lluctuare
342 3118 481 3188 videtur.
509 3125 558 3188 De
573 3120 702 3190 leminis
716 3123 831 3201 etiam,
857 3143 994 3212 quarum
1008 3125 1187 3193 acerrimus
1201 3125 1257 3192 in-

175 3235 328 3310 sectator,
355 3236 389 3300 et
406 3232 559 3323 quamdiu
575 3233 670 3312 vixit,
700 3240 732 3302 et
753 3234 840 3324 apud
866 3240 1016 3323 posteros
1031 3236 1162 3306 habitus
1185 3243 1253 3315 est,

175 3363 240 3411 non
266 3343 381 3412 eadem
406 3352 564 3434 perpetuo
600 3348 710 3416 sentit.
737 3348 863 3416 Nullam
892 3349 1023 3438 quidem
1052 3351 1255 3420 occasionem

210 3759 219 3787 ¹
240 3758 336 3829 Eurip„
355 3759 459 3825 laced„
474 3777 497 3815 v.
514 3761 645 3818 etl-889.
658 3780 686 3800 =
705 3763 714 3790 ²
736 3764 783 3828 tt,
801 3764 897 3819 Melan.
915 3763 1025 3829 Philas,
1037 3766 1068 3820 lr.
1082 3767 1107 3821 o.
1123 3783 1151 3803 =
1175 3768 1184 3793 ³
1205 3768 1252 3832 ld.,

173 3844 279 3912 Melon,
291 3847 321 3903 lr.
340 3848 365 3902 l.
383 3877 418 3888 -
433 3847 493 3902 Vide
509 3855 533 3902 rt
548 3849 675 3904 Plutarch.
819 3850 821 3853 ’
