2684 4508
594 212 732 265 ημ

124 409 313 498 dierumque
335 431 373 477 ae
394 410 622 477 veneficiorum
641 409 761 499 iudicia
787 415 912 477 tantum
934 409 1080 477 attribuit
1100 416 1202 489 vates,

122 524 268 612 quamvis
292 523 323 590 in
345 525 443 593 dubia
463 525 564 594 caedis
584 545 682 593 causa
706 525 916 593 constitutum
929 525 980 603 sit,
998 545 1112 593 omnes
1131 546 1206 593 vero

124 636 262 705 civitatis
276 642 385 726 partes
399 638 440 706 ab
456 658 494 705 eo
513 639 627 726 inspici
645 639 749 726 jubet,
767 658 828 706 nec
844 640 982 726 majores
1000 638 1122 708 meritis
1142 639 1208 706 ho-

125 770 221 818 nores
235 751 264 818 ei
280 750 438 828 concedit,
454 771 553 839 quum
566 752 681 839 patriae
700 751 777 818 illud
792 752 1071 840 propugnaculum
1092 757 1205 834 voeat3

124 886 278 955 magnam
298 867 384 934 enirn
405 867 437 933 in
458 866 582 935 Medico
605 867 690 935 bello
715 867 839 936 civibus
864 869 1014 936 virtutern
1038 875 1070 936 et
1093 868 1208 956 patriae

123 982 337 1052 defendendae
360 983 501 1051 studiunr
525 984 692 1052 addiderat
714 986 904 1073 Areopagus
923 998 938 1050 ¹.

169 1129 285 1192 11010111
309 1145 464 1192 novarum
483 1125 587 1192 studia
612 1146 708 1214 quarn
733 1125 869 1214 poeticis
893 1126 1078 1214 severisque
1101 1124 1210 1195 verbis

124 1239 269 1324 increpat
282 1241 372 1303 vates
385 1241 391 1302 1
405 1238 440 1302 ln
450 1236 577 1323 legibus
587 1236 761 1325 quidquam
775 1236 890 1304 nrutari
905 1242 1003 1315 vetat,
1021 1236 1081 1304 nisi
1094 1256 1209 1324 purunr

123 1349 243 1417 lentem
264 1349 327 1416 late
342 1347 439 1435 pollui
453 1347 552 1416 velint
566 1349 663 1416 cives.
682 1349 864 1416 itascilicet
881 1353 1037 1437 perpetua
1057 1348 1209 1416 felicitate

124 1461 260 1529 Athenae
300 1453 486 1538 florebunt,
534 1459 584 1526 cui
624 1459 787 1527 cumulum
827 1459 995 1548 imponent
1037 1458 1209 1527 novissima

124 1574 303 1662 AEschylcae
325 1572 479 1642 Minervae
492 1578 670 1662 praecepta.
691 1572 745 1640 llla
761 1572 846 1640 enirn
864 1573 1072 1652 concordiam
1086 1573 1210 1641 civibus

125 1689 238 1756 suadet
257 1709 295 1756 ac
316 1693 466 1776 precatur
480 1707 600 1776 cosque
615 1693 725 1754 nronet
742 1692 776 1754 ut
796 1687 970 1775 longinqua
990 1686 1073 1755 bella
1092 1686 1204 1764 vitent,

124 1808 156 1869 et
178 1822 278 1890 prope
301 1802 361 1869 sub
377 1801 478 1888 portis
493 1800 836 1867 Athenarumhostcrn
856 1798 1028 1866 lacessant.

183 2003 184 2007 Ἰ
249 2094 251 2098 Α
307 2020 452 2107 Θυραῖος
469 2012 553 2082 ἔστω
567 2012 704 2105 πολέμος
723 2009 759 2080 οὐ
775 2009 859 2104 μόλις
875 2011 1008 2106 παρών.

166 2235 295 2304 Talibus
309 2240 416 2302 autenr
429 2234 536 2302 verbis
545 2233 621 2322 quid
636 2234 866 2321 significaverit
877 2232 1056 2320 AEschylus,
1066 2231 1207 2300 Cirnonis

121 2354 268 2437 ternpore
282 2347 404 2425 virens,
428 2352 552 2415 attento
574 2348 681 2414 anirno
701 2345 951 2436 perpendamus.
974 2348 1062 2413 Tunc
1084 2345 1207 2413 scilicet

121 2461 240 2551 duplici
262 2464 350 2529 rnetu
368 2461 401 2528 in
425 2466 557 2528 externa
581 2459 664 2529 bella
689 2459 945 2528 sollicitabantur
965 2457 1203 2526 Athenienses:

124 2574 288 2663 Ephialtes
302 2572 504 2662 Periclesque
524 2578 665 2641 aeternas
686 2591 759 2639 eum
777 2572 1011 2640 Lacedaemone
1030 2575 1063 2656 et
1075 2574 1206 2661 Megara

123 2686 290 2756 etDoricis
300 2686 452 2775 gentibus
462 2685 645 2753 inimicitias
657 2684 790 2753 alendas
802 2704 874 2752 esse
887 2683 1205 2753 censebantzthnron
1296 2698 1300 2706 ·

122 2805 230 2868 autem
247 2799 396 2867 Barbaris
418 2803 610 2887 perpetuurn
631 2796 750 2866 bellurn
771 2796 890 2863 inferre
902 2796 1065 2874 studebat,
1083 2795 1150 2864 sive
1171 2797 1204 2863 in

124 2917 226 3007 AEgaei
243 2916 340 2983 maris
354 2916 486 2992 insulas,
498 2914 565 2982 sire
577 2915 609 2981 in
622 2915 766 2982 lonicum
779 2913 878 2991 littus,
897 2912 1008 2981 sivein
1021 2912 1200 2992 Thraciam,

16 3019 19 3026 ¹
61 3028 64 3032 “
122 3033 189 3101 sive
204 3031 301 3100 etianr
315 3031 346 3097 in
359 3031 638 3118 AEgyptum.Nurn
652 3028 751 3116 igitur
765 3027 939 3116 longinque
954 3027 1038 3097 bella
1052 3028 1096 3095 ita
1111 3048 1204 3116 repu·
1252 3037 1254 3045 '

121 3144 189 3212 diat
205 3143 372 3231 AEschylus
396 3150 429 3210 ut
452 3141 664 3210 Athenienses
683 3141 714 3207 in
737 3144 869 3209 Graecos
883 3140 1068 3229 vicinasque
1088 3147 1203 3230 gentes

121 3262 412 3342 arnnaconrertere
428 3255 536 3322 rnalitl
556 3257 650 3331 Nunr,
668 3274 726 3342 pro
741 3255 859 3333 Persis,
882 3258 1059 3342 Spartanos
1073 3261 1203 3325 111111110-

121 3393 277 3462 garenses
298 3393 316 3440 a
334 3371 457 3439 civibus
481 3371 546 3438 suis
567 3371 676 3460 urgeri
699 3371 832 3460 cupiat?
847 3371 937 3454 Quod
953 3374 994 3441 ab
1009 3373 1201 3461 optimatum

122 3485 276 3553 institutis
293 3484 373 3552 adeo
388 3484 552 3572 discrepat
565 3489 597 3551 et
614 3484 836 3553 Salaminiacae
855 3484 999 3553 victoriae
1015 3506 1200 3573 praeconem

164 3888 173 3916 ¹
192 3887 279 3950 Arist..
296 3887 331 3942 110
346 3887 464 3958 Reputo,
481 3888 508 3942 L.
525 3887 554 3951 V,
568 3903 590 3941 c.
607 3887 633 3942 ⁶2.
648 3915 685 3929 ·—
699 3886 777 3951 Plut,
794 3886 818 3940 in
837 3885 966 3952 Themist,
981 3886 995 3958 ἓ
1009 3887 1050 3941 tu.
