2684 4508
637 193 777 246 -lt-

169 392 274 454 creles
293 397 309 466 ¹,
326 385 411 475 quod
427 385 517 454 Plato
540 388 572 454 in
597 386 687 455 libris
711 388 752 456 de
767 390 967 473 Lepibus’et
992 386 1032 453 de
1058 389 1257 474 depublicet

167 497 355 587 compositis
369 497 615 567 Atheniensium
631 499 751 568 civitati
769 499 885 571 deesse
912 506 1091 588 queruntur
1114 523 1121 567 τ
1152 500 1253 589 digna

167 611 291 681 scilicet
303 611 512 681 veneratione
526 611 677 690 revereri,
695 617 841 682 metuere
855 612 1010 691 timenda,
1028 618 1061 682 et
1069 614 1168 702 justae
1178 634 1255 682 auc·

166 725 288 795 toritati
303 744 432 813 parere.
456 728 543 795 Duas
556 726 678 794 bomini
691 725 782 814 leges
796 725 964 817 impositas
979 745 1110 815 semper
1122 747 1254 796 memo-

168 846 229 918 rat,
252 838 308 906 sati
323 858 441 928 nempe
455 844 488 909 et
499 839 647 929 justitiae.
662 843 743 922 Quae
756 839 919 929 quomodo
931 841 1015 909 inter
1031 860 1067 908 se
1080 841 1254 909 convenire

168 952 310 1041 possint,
330 953 412 1021 vela
427 953 552 1043 tragico
576 953 735 1043 scriptore
759 953 982 1034 concilientur,
1008 974 1071 1021 nun
1094 952 1148 1020 bic
1166 974 1254 1023 scru-

167 1065 229 1132 tari
247 1065 466 1149 tentabimus;
480 1065 514 1134 id
528 1072 618 1136 certe
632 1086 728 1136 nemo
752 1067 904 1154 negabit,
922 1067 955 1135 in
978 1066 1119 1156 AEschyli
1133 1073 1253 1156 tragoe-

169 1176 255 1256 diis,
282 1185 453 1269 utrumque
478 1177 645 1249 bominum
665 1179 826 1268 capitibus
841 1180 1062 1249 imminentem
1093 1186 1252 1270 perpetuo

167 1311 338 1381 apparere.
355 1294 422 1363 Imo
437 1291 465 1363 si
483 1300 592 1383 poetae
606 1292 789 1373 credimus,
815 1293 960 1363 adversis
980 1294 1179 1384 intensisque
1197 1294 1253 1363 la-

167 1404 209 1473 tis
235 1405 344 1497 iniqua
368 1405 512 1475 facinora
536 1406 727 1496 plerumque
758 1407 846 1475 viam
868 1407 1030 1496 aperiunt.
1054 1408 1135 1490 Quid
1166 1407 1251 1475 enim

166 1517 263 1585 Xerxi
288 1517 405 1586 seriem
421 1517 611 1589 immensam
627 1518 785 1588 malorum
811 1518 952 1599 induxit,
974 1519 1050 1608 quid
1078 1518 1252 1608 praedictas

167 1627 297 1697 Persico
310 1627 446 1718 imperio
461 1630 570 1699 clades
589 1630 721 1700 tandem
735 1630 888 1721 ingruere
902 1631 1027 1721 coegit,
1047 1631 1107 1699 nisi
1118 1631 1253 1721 Juveni-

168 1738 206 1807 lis
219 1738 271 1808 illa
284 1741 372 1830 regis
385 1743 537 1835 superbie
551 1765 625 1835 quae
639 1747 724 1813 Deos
734 1743 823 1833 ipsos
837 1764 876 1815 ac
889 1743 1015 1815 divinas
1027 1749 1160 1811 naturas
1171 1744 1250 1832 jugo

167 1853 359 1927 submittere
372 1876 451 1926 ausa
466 1863 532 1937 est,
548 1864 581 1928 et
594 1879 725 1927 sacrum
741 1859 840 1928 maris
857 1878 989 1928 cursum
999 1856 1136 1927 uinculis
1154 1857 1251 1927 cobi-

166 1964 291 2034 bere·t
318 1967 368 2036 Nil
385 1968 485 2061 igitur
495 1971 538 2040 ab
562 1971 679 2041 animis
696 1971 957 2060 perseverantius
984 1990 1096 2040 arcere
1115 1960 1252 2040 collatur

167 2078 347 2169 AEscbylus,
376 2102 472 2172 quam
498 2083 703 2157 insolentiam
727 2089 761 2154 et
779 2084 909 2165 fastum,
928 2089 961 2153 et
981 2084 1143 2153 funestam
1164 2081 1250 2152 illam

98 2287 100 2293 ,
165 2192 258 2290 ‘o‘dpu
273 2201 360 2270 unde
374 2198 531 2269 malorum
552 2194 717 2268 uberrima
744 2219 841 2289 seges
856 2198 1011 2276 exoritur,
1038 2217 1176 2288 quaeque
1189 2201 1251 2267 Jo-

165 2338 238 2387 vem
273 2316 404 2405 ipsum,
439 2313 562 2383 viribus
583 2313 672 2394 suis,
702 2320 735 2384 et
759 2319 796 2382 ut
825 2313 870 2383 ita
893 2314 1020 2394 dicam,
1055 2316 1247 2403 juventute,

166 2431 324 2500 adversus
335 2433 462 2519 patrem
491 2428 701 2518 senioresque
715 2432 801 2498 Deos
827 2427 982 2507 ebusum,
1001 2426 1077 2495 olim
1093 2447 1111 2494 e
1126 2427 1251 2495 coelesti
1273 2452 1278 2463 ¹

164 2542 268 2621 solio,
302 2543 426 2613 meritis
462 2541 570 2633 poenis
602 2542 758 2610 afflictum
793 2541 982 2611 deturbabit
996 2555 1018 2608 t.
1047 2540 1126 2608 llaec
1151 2540 1252 2630 igitur

165 2652 1036 2746 preeeeptapopuloAEscbylusmagnibcavolsublimi
1050 2652 1252 2742 speciesem-

143 2781 145 2784 ’
166 2790 226 2860 per
240 2769 353 2839 induta
374 2767 517 2837 tradidit.

200 2909 353 2994 Quamuis
363 2915 471 2979 autem
482 2909 514 2976 ln
522 2909 752 2996 superstitibus
760 2909 829 2997 ejus
841 2907 1012 2997 tragoediis
1022 2913 1055 2974 et
1064 2906 1097 2974 in
1107 2906 1251 2975 amissa-

166 3046 239 3094 rum
259 3024 440 3095 fabularum
461 3022 602 3111 reliquiis
616 3022 695 3091 nibil
709 3028 785 3091 ante
800 3025 956 3090 Oresteam
970 3021 1011 3089 ad
1028 3021 1168 3111 partium
1182 3041 1251 3089 eer-

165 3140 288 3209 tamina
300 3144 437 3227 spectet,
455 3136 613 3226 quosdam
626 3143 737 3204 tamen
750 3155 863 3204 versus
876 3135 920 3205 ita
933 3155 951 3203 a
965 3134 1084 3225 populo
1097 3141 1251 3225 acceptos

166 3252 266 3322 luisse
289 3253 448 3332 novimus,
469 3258 503 3320 ut
530 3258 726 3340 praesentem
748 3250 915 3319 bominum
941 3268 1115 3338 rerumque
1129 3253 1250 3318 statum

169 3498 411 3513 ..ὴ-υ*-

202 3699 211 3740 t
232 3698 359 3768 Xenopb„
383 3697 543 3762 Memorat..
561 3699 589 3754 L.
606 3697 649 3760 lli,
665 3713 688 3752 c.
704 3697 721 3751 5
740 3695 792 3769 (ubi
807 3699 922 3753 Socrates
943 3714 999 3752 cum
1017 3696 1123 3753 Periclis
1141 3695 1194 3751 filio
1213 3697 1252 3751 lo-

166 3789 272 3860 quum.
291 3771 320 3826 '=
336 3787 349 3829 2
368 3786 444 3850 eran,
461 3785 498 3840 oe
518 3791 590 3858 rep..
606 3787 634 3840 n.
652 3785 693 3840 m.
722 3796 751 3818 =
777 3786 791 3826 ³
810 3776 857 3850 nss,
873 3785 910 3840 oe
923 3785 1072 3857 neptum,
1090 3784 1118 3842 n.
1134 3785 1198 3839 run¹
1219 3810 1252 3829 =

170 3877 181 3906 ¹
201 3877 299 3940 AEscb.‚
312 3875 395 3936 Pers..
412 3891 435 3929 v.
454 3873 603 3946 lt5etsqq.
619 3890 646 3910 =
659 3873 671 3911 ⁵
684 3873 799 3944 AEscby.,
814 3873 925 3930 Promot.
941 3873 1015 3929 Vinct
1032 3920 1036 3936 ‚
1051 3892 1075 3927 r.
1089 3874 1142 3930 909
1156 3883 1182 3929 et
1196 3892 1249 3946 sqq.
