2684 4508
590 236 751 297 -139-

128 429 236 498 l'obulo
248 436 413 518 gestarum
426 432 549 503 uicibus
564 454 775 520 personarum
787 440 818 501 et
829 433 918 501 clruri
935 453 1049 501 sensus
1063 455 1101 501 ac
1113 434 1211 501 verba

129 544 361 634 respondeant.

172 680 434 763 Praetereaque
454 681 600 764 tempore
631 677 768 745 llorebat
789 676 970 764 Euripides,
998 677 1210 765 quotusquis-

127 790 245 879 quede
260 790 310 857 bis
325 790 559 878 quaestionibus
581 796 649 858 tum
667 792 806 879 primum
831 790 861 858 in
884 790 1134 879 disputationem
1157 790 1212 856 ad-

125 904 252 981 ductis,
272 911 396 970 certum
412 904 531 992 aliquid
549 926 587 972 ao
607 905 704 972 fixum
720 905 979 994 philosophando
991 909 1184 992 perceperat
1196 909 1212 971 ‘l

126 1021 240 1086 Nonne
260 1017 330 1105 ipse
352 1019 453 1096 Plato,
489 1020 675 1110 priusquam
702 1021 732 1087 in
756 1023 926 1107 ltcpublr'co
947 1033 975 1087 ct
1008 1022 1141 1106 Lepidus
1163 1023 1212 1086 tot

126 1151 236 1199 rerum
252 1132 400 1199 notiones
413 1131 509 1221 plano
526 1133 693 1213 deliniret,
714 1135 757 1202 ita
773 1135 974 1204 dubitantem
998 1138 1164 1202 Socratem
1179 1133 1211 1199 in

126 1246 261 1330 dtulopis
278 1247 420 1324 effinxit,
439 1254 474 1315 ut
497 1247 682 1336 legentibus
708 1248 751 1315 nil
774 1255 895 1336 praeter
916 1247 1150 1317 dubitationem
1180 1253 1212 1314 ct

129 1357 303 1425 multarum
316 1359 504 1446 opinionum
520 1359 732 1428 diffidentiam
748 1381 839 1449 saepe
865 1360 1037 1449 injiceret?
1049 1358 1212 1447 Euripidis

129 1469 228 1559 igitur
258 1470 298 1537 de
325 1471 489 1558 republica
523 1472 700 1540 sententias
732 1473 773 1541 ad
800 1479 921 1541 certam
946 1477 1212 1560 constantemque

128 1581 309 1650 doctrinam
323 1582 472 1671 redigere
488 1604 551 1652 non
576 1585 732 1654 tentabo:
759 1586 897 1673 plurima
917 1585 1004 1652 illum
1028 1585 1060 1652 in
1081 1604 1211 1652 scenam

127 1695 299 1783 protulisse
318 1695 459 1775 fatebor,
480 1718 554 1786 quae
580 1698 702 1786 passim
730 1698 982 1787 disputarentur,
1006 1719 1144 1787 quaeque
1168 1697 1211 1765 illi
1254 1760 1257 1766 .

129 1809 257 1896 penitus
271 1810 408 1877 scrutari
424 1831 487 1879 noo
511 1811 649 1879 licuerit.
675 1811 738 1879 Sed
764 1832 828 1900 quo
848 1812 1015 1899 praecipue
1037 1811 1149 1878 tendat
1173 1830 1212 1878 ex

128 1920 287 1989 universis
301 1920 385 1990 illius
398 1923 552 2010 operibus
566 1924 748 2013 intelligere
762 1944 950 2012 possumus;
967 1929 1000 1991 et
1013 1925 1214 2010 supplicibus
1292 1922 1294 1926 '

129 2032 291 2122 tragoedia
301 2053 341 2101 eo
351 2033 504 2103 libentius
516 2035 716 2103 crededcrim
729 2037 888 2105 sinceram
899 2042 1006 2124 poctae
1020 2035 1213 2103 sententiam

131 2147 291 2234 expromi,
308 2145 394 2235 quod
408 2147 543 2235 tragicae
556 2149 637 2216 artis
651 2170 690 2216 ac
713 2149 829 2238 tragici
853 2148 1008 2237 propositi
1032 2148 1212 2236 saepissime

130 2260 279 2345 oblitus,
325 2259 463 2328 Atticam
494 2262 718 2331 tantummodo
752 2263 985 2351 rempublicam
1016 2261 1148 2331 laudare
1180 2267 1213 2330 et

129 2376 414 2464 prudentissimam
438 2377 601 2465 popularis
620 2377 758 2446 civitatis
779 2377 1033 2446 moderationem
1052 2397 1214 2445 commen-

129 2489 206 2558 dare
221 2489 303 2557 velle
316 2489 452 2557 videtur.
471 2495 539 2557 Non
556 2492 625 2579 ipsa
648 2492 768 2560 tabulae
786 2491 936 2568 materia,
955 2512 1018 2559 non
1036 2491 1116 2559 varii
1131 2511 1213 2579 pcr-

130 2623 281 2671 sunarum
298 2605 433 2671 allectus
449 2604 533 2671 lianc
556 2605 789 2673 sententiarum
813 2605 1026 2694 frequentiam
1047 2604 1214 2693 efflagita-

130 2718 230 2798 bant3
262 2716 435 2814 Euripides!
467 2718 567 2805 igitur
604 2717 788 2785 celebrandi
824 2719 917 2786 simul
954 2716 1213 2807 admonendique

131 2829 240 2919 populi
255 2830 530 2918 opportunitatem
545 2830 681 2918 arripuit
695 2840 716 2897 ¹.

174 2975 256 3039 Num
279 2991 376 3048 vcro,
402 2969 595 3039 laudationis
627 2971 756 3039 modum
788 2972 962 3052 excedens,
985 2973 1036 3041 vel
1062 2972 1130 3050 bic,
1161 2974 1211 3040 vel

132 3084 210 3152 alias
234 3084 358 3153 civibus
373 3082 521 3151 adulatus
540 3090 615 3152 est‘?
639 3089 757 3153 Eorum
780 3086 954 3154 inimicitiis
977 3092 1105 3174 poetam
1125 3086 1211 3154 baud

134 3303 370 3316 ——1—1—

132 3509 134 3516 -
166 3471 174 3500 ¹
194 3471 220 3525 Si
235 3471 321 3525 Graeco
333 3471 431 3526 cuidam
446 3471 576 3541 interpreti
589 3473 725 3538 credimus
737 3488 811 3544 quem
824 3472 849 3527 in
864 3480 959 3528 centes.
976 3479 1057 3542 octog.
1075 3480 1138 3542 sept.
1154 3471 1212 3526 libri

130 3559 158 3614 dc
173 3562 254 3617 Graee.
269 3566 331 3631 trag.
348 3559 425 3630 princ.
435 3559 521 3631 scripti
537 3576 592 3631 pag.
604 3560 692 3616 citavit
705 3559 836 3627 Boethius,
852 3576 916 3616 anno
929 3567 987 3615 ante
1000 3561 1059 3618 Clrr.
1075 3559 1128 3618 l20
1140 3558 1213 3630 Sup-

127 3648 207 3720 plices
228 3647 350 3720 tragoedia
366 3649 393 3705 in
412 3665 513 3706 scenam
538 3649 642 3720 prodiit,
659 3666 708 3721 quo
731 3666 796 3705 anno
820 3666 877 3706 cum
901 3649 1001 3722 Argivis
1025 3649 1105 3705 loedus
1120 3647 1212 3719 pepigit

132 3738 211 3794 ¹tttica
225 3737 323 3794 civitas.
337 3738 532 3794 Andromachen
550 3756 608 3793 uero
623 3756 672 3794 non
688 3739 800 3804 Athenis
811 3740 854 3795 sed
873 3740 898 3794 io
915 3740 1061 3810 Argivorum
1072 3738 1211 3794 urbccom-

134 3826 235 3881 nussam
250 3826 326 3880 luisse
344 3829 435 3881 tirarca
450 3826 668 3897 interpretationes
682 3827 808 3881 recentius
821 3827 896 3882 edita
916 3845 960 3882 uos
974 3828 1117 3881 admouent.
1135 3825 1214 3897 (Vide

134 3911 259 3967 Sarbenlilii
276 3913 366 3983 rlispot.
380 3913 432 3981 jour
448 3921 521 3968 arum
537 3914 659 3981 laudatar,
676 3931 730 3984 pag.
757 3915 868 3984 noriam.)
891 3916 973 3980 Qrurm
990 3920 1073 3968 autem
1090 3912 1211 3984 Argivos,
