2684 4508
595 213 732 266 -62-

172 412 237 476 Nec
252 408 365 475 Atticae
380 407 550 475 comoediae
571 408 709 495 principi
722 407 800 475 satis
814 408 873 475 lirit
891 408 1046 496 populum
1061 409 1105 476 ab
1126 425 1208 476 erro·

127 521 216 589 ribus
228 519 269 588 ad
283 520 414 588 meliora
428 539 619 588 conversum
631 519 799 608 effingere,
812 525 846 587 et
854 519 1108 608 sapientioribus
1120 521 1204 598 viris,

71 613 78 622 ¹
127 635 247 703 furioso
260 634 420 722 plebicola
432 633 576 723 expulso,
593 654 666 703 sese
678 634 930 722 permittentem.
949 639 1042 703 llunc
1053 655 1135 703 vero
1147 655 1209 704 me

126 747 188 815 diis
211 745 341 835 ineptiis
363 745 471 814 adbuc
496 751 659 815 versatum
681 737 819 829 induxit}
846 745 970 815 scilicet
995 766 1059 836 quo
1082 747 1209 836 planius

127 859 314 931 ostenderet
333 860 493 950 quomodo
508 861 648 929 solerent
660 860 735 928 mali
753 861 840 957 cives
862 860 902 929 ad
924 881 1088 930 summum
1113 862 1209 931 lasti-

128 972 219 1062 glum
231 973 336 1042 erebi.
350 977 420 1042 Non
435 974 559 1043 ratione
574 978 607 1042 et
619 973 790 1061 prudentia
802 974 940 1062 populus
961 975 1078 1044 adduci
1103 981 1209 1065 potest

129 1091 166 1154 ut
178 1085 329 1155 Cleonem
344 1107 438 1155 suum
447 1087 577 1155 tandem
591 1086 749 1170 fastidiat3
762 1087 859 1155 istum
868 1108 945 1155 vero
958 1108 977 1156 a
991 1108 1028 1157 se
1041 1110 1108 1157 non
1121 1090 1209 1178 prius

129 1198 270 1267 dimittet
289 1219 387 1288 quam
406 1199 487 1267 ulter
511 1198 680 1277 exstilerit,
708 1198 825 1268 Cleone
848 1199 946 1267 etiam
963 1200 1135 1289 impurior,
1157 1202 1209 1291 qui

129 1315 279 1405 turpibus
288 1314 463 1393 blanditiis,
476 1316 679 1384 oraculorum
694 1315 879 1404 praestigiis,
891 1321 925 1384 et
936 1318 1083 1386 omnium
1100 1338 1210 1408 nuga-

129 1447 200 1496 rum
214 1428 425 1513 fascinatione
438 1428 609 1497 scelestum
621 1428 740 1498 vincat.

175 1567 257 1635 Hinc
268 1566 437 1635 ridiculum
450 1566 527 1634 illud
542 1570 575 1633 et
596 1569 719 1637 comica
733 1570 764 1636 vi
779 1556 941 1640 fervidum*
951 1575 1118 1638 certamen
1139 1570 1210 1638 ori-

129 1686 193 1760 tur,
209 1681 242 1747 in
252 1679 337 1769 quod
347 1685 448 1748 totam
459 1679 692 1769 impudentiam
704 1681 779 1750 Cleo
789 1682 1000 1762 etisioiarius‚
1017 1687 1122 1751 totam
1134 1703 1209 1752 vero

132 1793 299 1863 stultitiam
318 1798 350 1860 et
370 1792 646 1881 importunitatem
667 1793 806 1882 populus
825 1795 1006 1863 conterunt.
1021 1798 1210 1863 Protervam

130 1925 286 1994 pugnam,
303 1925 400 1994 quam
411 1903 597 1992 inexpiabili
609 1904 683 1973 odio
697 1905 837 1985 accensi,
851 1905 1059 1986 suscitavere,
1077 1911 1211 1976 Demos·

128 2019 255 2096 thanes,
273 2017 379 2086 Nicias
394 2023 427 2084 et
438 2017 570 2105 Equites
583 2022 731 2105 spectant
745 2017 839 2088 simul
853 2023 886 2086 et
900 2023 1031 2087 acuunt.
1048 2022 1154 2100 Quam
1179 2020 1211 2088 in

129 2132 200 2201 toro
221 2131 379 2199 rationem
401 2135 531 2198 secutus
554 2130 596 2197 sit
624 2131 859 2200 Demosthenes
883 2131 1095 2220 ignoramus3
1126 2132 1212 2201 hunc

128 2250 254 2315 tantum
269 2243 377 2313 Cleoni
390 2244 507 2312 iratum
521 2243 620 2311 fuisse
630 2243 749 2311 scimus
759 2242 801 2329 ob
811 2249 956 2332 ereptam
969 2243 1030 2313 sibi
1042 2244 1084 2312 ad
1097 2244 1211 2334 Pylum

130 2364 299 2446 captorum
317 2353 634 2423 Lacedaemoniorum
658 2355 812 2443 gloriam3
839 2375 901 2425 nec
923 2355 1088 2433 miremur,
1104 2355 1145 2424 *si
1171 2355 1211 2423 ad

128 2468 330 2559 perdendum
342 2466 533 2555 plebicolam
548 2486 622 2534 cum
641 2468 731 2536 Nicia
745 2472 779 2536 et
790 2468 952 2558 equitibus
964 2448 1107 2537 coiisset.

173 2608 294 2674 Omnes
307 2623 386 2693 crgo
398 2605 431 2671 in
445 2604 597 2693 Cleonem
611 2610 720 2684 ruunt,
737 2605 781 2674 nil
795 2605 911 2694 primo,
928 2610 1047 2694 praeter
1056 2606 1128 2693 ejus
1141 2625 1212 2694 per·

130 2718 258 2795 niciam,
270 2722 465 2806 spectantes.
485 2717 635 2786 Procedit
648 2718 803 2789 adversus
812 2738 887 2788 eum
901 2718 1070 2797 isiciarius‚
1079 2719 1211 2788 dotibus

128 2830 190 2900 illis
203 2829 469 2899 instructissimus
481 2850 561 2920 quas
574 2830 614 2900 ad
630 2831 826 2920 captandum
840 2831 950 2920 populi
962 2831 1107 2900 favorem
1120 2831 1212 2921 opti-

129 2943 595 3033 masdeelaratnristophanes,
604 2944 784 3014 liberalium
795 2944 917 3014 scilicet
926 2944 1099 3023 artium,ac
1108 2965 1210 3034 prope

128 3057 309 3126 litterarum
319 3057 457 3135 inscitia,
472 3057 617 3145 ingenita
625 3057 846 3145 protervitate,
856 3077 952 3147 quam
962 3058 1096 3146 insuper
1106 3058 1211 3126 loren-

125 3170 174 3238 sis
189 3189 273 3238 usus
297 3168 458 3249 enutrivit,
482 3189 539 3238 ore
562 3169 753 3259 impudenti,
782 3175 943 3240 stentorea
968 3191 1060 3250 voce,
1083 3169 1210 3240 furandi

127 3304 171 3352 ae
183 3285 349 3373 pejerandi
362 3305 432 3364 usu,
446 3284 589 3354 omnium
605 3285 743 3374 denique
756 3285 922 3355 bominum
937 3306 977 3354 ac
997 3304 1107 3372 rerum
1126 3303 1210 3352 con-

129 3401 256 3484 temptu
270 3403 292 3464 ¹.

133 3651 372 3665 m

174 3880 182 3919 ι
204 3882 341 3970 lestap„
356 3883 457 3957 nque,
474 3904 498 3941 v.
516 3887 650 3952 iao-leo
666 3885 796 3942 err-nc.
919 3870 921 3874 ’
