2684 4508
620 219 650 232 ··
674 189 724 244 ⁹208
751 219 779 234 ο·

162 409 236 479 quae
275 384 361 457 unde
394 386 488 455 nobis
524 386 699 474 effulgeant
733 406 793 454 neo
832 405 965 474 prorsus
1001 404 1140 463 novere,
1180 404 1241 452 nec

163 519 311 590 quaerere
333 503 540 568 tentaverunt
555 496 700 588 plerique
722 496 889 580 homines;
918 498 1104 566 verissimas
1130 503 1241 567 tamen

163 631 237 681 esse
251 631 291 679 ac
304 609 501 679 certissimas
514 609 643 678 vivendi
657 609 883 699 cogitandique
894 610 1068 698 magistras
1082 610 1239 679 sentiunt.

163 728 311 794 AEternas
325 728 443 792 'aulem
464 722 555 800 illas,
587 728 621 792 et
641 722 872 801 immutabiles,
901 729 935 793 et
957 723 1107 792 omnibus
1128 722 1243 792 insitas

165 861 274 911 rerum
294 837 441 910 boliones
456 840 635 945 communis
660 838 713 907 ille
732 841 786 928 qui
801 839 918 907 dieitur
929 859 1055 918 sensus,
1072 840 1244 928 complec—

163 955 253 1024 titur.
286 952 378 1034 Quod
404 952 431 1020 si
455 951 514 1020 tibi
528 951 777 1041 philosophandi
803 957 837 1021 et
859 973 966 1021 rerum
993 953 1244 1021 scrutandorum

61 1147 64 1164 Ι
166 1076 295 1157 tempus
315 1066 513 1155 facultasque
534 1086 598 1135 non
626 1066 806 1145 defuerint,
823 1067 950 1156 planius
971 1066 1084 1135 cadem
1109 1086 1261 1135 eernere.

167 1190 201 1252 et
234 1181 415 1271 intelligere
449 1183 596 1271 poteris;
629 1182 688 1250 bas
713 1183 812 1271 igilur
840 1184 1009 1262 notiones,
1037 1182 1189 1252 collectas
1212 1183 1246 1250 in

168 1315 268 1365 unum
294 1300 327 1363 et
345 1294 490 1383 pleniore
514 1294 633 1363 lumine
658 1300 817 1374 retectas,
834 1284 903 1384 jam
926 1317 990 1364 non
1019 1315 1134 1364 sensus
1148 1315 1247 1364 corn-

169 1407 293 1486 munis‚
319 1405 375 1475 sed
413 1406 547 1474 rationis
572 1405 722 1475 lrumanae
750 1409 880 1476 nomine
902 1407 1084 1478 decorabis.
1113 1409 1146 1478 Si
1166 1429 1247 1478 vcro

168 1520 307 1590 adhaec
338 1519 433 1616 altius
464 1520 653 1609 inquirenda
684 1539 745 1588 nec
777 1520 943 1609 ingenium
975 1541 1037 1590 nec
1060 1521 1161 1590 otium
1187 1522 1251 1592 tibi

170 1634 374 1712 suffecerint,
406 1633 499 1723 plebs
522 1634 597 1712 eris,
631 1639 664 1701 et
680 1633 786 1723 plebis
811 1654 916 1715 more,
938 1655 1003 1704 non
1029 1634 1248 1724 philosopbiae

170 1749 319 1840 quidem,
352 1747 409 1816 sed
429 1747 610 1816 communis
636 1767 754 1817 sensus
773 1748 952 1838 discipulus
977 1749 1174 1817 remanebis.
1198 1750 1249 1818 Nil

172 1863 257 1932 aliud
283 1882 362 1952 crgo
395 1868 526 1930 sensum
567 1881 771 1931 communem
804 1862 963 1941 dixerim,
993 1861 1053 1930 nisi
1072 1866 1250 1932 <aeternam

171 1976 341 2045 veritatem
363 1974 451 2063 vulgi
470 1974 633 2044 mentibus
660 1980 776 2063 sponte
796 1979 829 2043 ct
855 1974 924 2043 sine
948 1974 1012 2044 ulla
1028 1975 1250 2054 ,ratiocinandi

170 2088 320 2176 ambage,
347 2088 417 2156 sine
435 2085 500 2156 ullo
521 2085 736 2176 investigandi
749 2087 860 2156 labore
878 2088 1120 2176 praelueentem.
1137 2093 1250 2178 lpsum

170 2206 279 2270 autem
316 2199 433 2288 vulgus
464 2220 528 2288 quo
555 2199 650 2268 modo
675 2219 754 2288 erga
780 2220 985 2269 communem
1018 2222 1149 2274 sensum
1176 2223 1250 2271 sese

171 2316 293 2385 habere
315 2314 426 2383 solet‘l

215 2485 285 2551 Non
300 2501 374 2549 raro
387 2478 517 2568 quidem
530 2479 648 2548 accidit
657 2487 693 2549 ut
706 2482 819 2570 procul
833 2484 875 2554 ab
889 2504 928 2553 ea
940 2484 1012 2554 lucc
1025 2485 1139 2574 ignara
1153 2485 1252 2555 turba

171 2595 221 2664 vel
248 2592 455 2670 libidinibus,
484 2592 534 2661 vel
560 2592 757 2682 imprudenti
782 2594 950 2665 hominum
974 2616 1124 2667 rerumve
1138 2596 1253 2667 admi-

172 2708 320 2785 ratione,
341 2704 390 2774 vel
415 2705 570 2794 speciosis
592 2708 792 2796 argumentis
812 2714 998 2780 transversa
1018 2711 1153 2782 seratur.
1174 2711 1253 2792 Quis

171 2940 249 3022 Quis
264 2938 401 3006 istorum
414 2937 556 3006 vanitate
570 2935 695 3005 lucilius
709 2937 846 3026 capitur,
862 2957 958 3026 quam
973 2937 1118 3026 plebeius
1131 2937 1184 3006 ille
1196 2941 1253 3028 qui

173 3043 305 3119 sensum
325 3067 553 3126 communem,
582 3053 614 3116 et
636 3047 750 3116 insitas
772 3047 835 3117 sibi
860 3069 878 3115 a
897 3053 1012 3117 natura
1038 3048 1088 3117 vel
1113 3048 1254 3118 traditas

174 3184 193 3231 a
207 3161 396 3252 parentibus
410 3161 578 3250 opiniones
591 3160 686 3229 nullis
697 3180 839 3250 unquam
850 3161 1100 3250 cogitationibus
1111 3163 1256 3251 probare

94 3263 96 3268 ’
174 3297 213 3344 ac
243 3275 435 3344 confirmare
455 3274 590 3363 potuit‘l
617 3276 722 3354 Quum
748 3273 847 3364 igitur
874 3275 996 3344 nullum
1021 3274 1098 3354 sibi,
1129 3284 1256 3363 praeler

174 3406 379 3456 communem
399 3405 540 3465 sensum,
558 3385 749 3475 magistrum
768 3386 868 3456 luisse
881 3387 1049 3477 glorietur,
1066 3387 1138 3477 ipse
1157 3410 1257 3458 com—

70 3563 71 3567 ,
140 3491 146 3507 ⁸
174 3519 305 3570 munem
319 3518 450 3568 sensum
463 3498 670 3568 stultissimus
694 3499 864 3589 transfuga
886 3499 1018 3570 descrit.
1035 3500 1069 3570 Si
1092 3502 1169 3592 quis
1190 3525 1258 3573 au—

59 3664 64 3670 ,
172 3618 239 3680 tem
254 3609 298 3678 illi
313 3615 454 3678 aeternas
466 3629 581 3678 sensus
600 3608 781 3678 cummunis
795 3611 926 3700 regulas
939 3609 990 3680 vel
1007 3612 1163 3702 gravibus
1175 3634 1259 3684 ver-

175 3722 238 3800 bis,
255 3721 304 3789 vel
319 3721 426 3810 polius
437 3720 587 3808 jocando,
608 3719 640 3788 in
657 3707 799 3788 mentem
813 3724 1029 3803 revocaverit,
1046 3724 1167 3796 erroris
1181 3746 1259 3796 eum

179 3839 242 3910 cito
257 3838 373 3928 pudet,
392 3843 424 3907 et
443 3838 634 3905 monitorem
660 3857 753 3906 suum
777 3837 859 3906 adeo
887 3859 951 3916 non
973 3839 1057 3921 odit,
1081 3849 1118 3912 nt
1143 3851 1258 3916 eontra
