2684 4508
592 235 621 244 -
645 205 690 258 ml
716 239 747 247 .-

175 400 222 463 lle
235 395 359 465 civibus
373 399 456 465 bene
472 398 614 486 speravit
628 391 788 478 Socrates
805 406 837 466 ct
858 418 969 466 corum
983 397 1070 474 vitia,
1095 416 1215 484 quam-

129 509 178 577 vis
192 509 335 598 graviter
354 512 551 600 objurgaret,
569 511 758 580 insanabilia
775 533 937 601 nunquam
957 509 1130 577 arbitratus
1149 515 1210 578 est.

129 626 165 690 ln
177 643 217 693 eo
232 644 349 712 nempe
364 624 520 713 colloquio
543 626 628 712 quod
649 645 722 692 enm
741 625 873 693 Periclis
893 624 968 719 lllio,¹
993 629 1076 692 teste
1097 627 1214 691 Xeno—

129 735 263 825 phonte,
280 736 403 815 babuit,
422 756 528 826 nonne
542 736 713 805 indocilem
728 758 840 805 eorum
859 737 1002 805 animum
1017 743 1050 805 et
1068 737 1214 805 militaris

127 849 309 938 disciplinae
332 850 554 938 impatientem
577 850 762 939 vituperat?
779 855 884 932 Quum
905 851 1061 919 tamenin
1084 850 1214 939 reliquis

126 962 236 1040 rebus,
254 962 286 1030 in
301 963 429 1051 pompis
442 962 565 1031 seilicet
586 963 768 1054 eborisque,
795 966 828 1033 in
849 965 1045 1032 musicorum
1067 964 1214 1032 athleta-

128 1095 264 1164 rumque
277 1076 509 1144 certaminibus
524 1076 712 1145 ordinandis
724 1078 868 1167 peritiori
884 1078 1022 1146 libenter
1035 1079 1215 1167 obsequan-

128 1197 192 1269 tur,
211 1198 322 1279 sperat
334 1212 401 1270 eos,
424 1191 599 1280 siquando
620 1191 797 1280 prudentes
816 1213 924 1260 rernm
946 1194 1159 1281 imperatores
1182 1202 1215 1260 et

128 1304 284 1373 militibus
310 1305 394 1373 bene
415 1306 621 1373 consulentes
642 1306 832 1381 habuerint,
859 1307 891 1373 in
915 1306 1000 1376 bello
1020 1325 1083 1373 non
1108 1305 1214 1373 minus

129 1417 216 1485 dioto
238 1416 406 1486 audientes
430 1418 510 1486 lore.
539 1421 642 1500 Quam
665 1417 795 1507 quidem
819 1439 910 1507 spem
933 1418 1005 1486 ideo
1029 1419 1213 1506 praesertim

129 1531 203 1609 alit,
239 1531 324 1620 quod
349 1531 563 1621 exsequendis
592 1532 765 1621 diligenter
793 1533 916 1601 officiis
934 1537 1123 1622 areopagus
1153 1531 1213 1599 sibi

125 1644 270 1711 omnium
283 1641 530 1712 admirationem
544 1645 717 1713 conciliat:
745 1665 809 1713 non
830 1646 936 1713 omnis
958 1666 1037 1733 ergo
1054 1645 1211 1733 sapientia

127 1761 178 1828 vel
192 1759 360 1849 sapientiae
375 1781 467 1829 amor
478 1761 614 1829 ntbenis
626 1761 734 1830 adbuc
745 1761 880 1830 recessit
890 1773 911 1828 ¹.

172 1901 298 1965 lnterea
325 1919 423 1987 quum
447 1899 488 1967 ab
512 1898 582 1967 aliis
612 1899 682 1988 ipse
714 1904 865 1969 Socrates
894 1904 1030 1989 urgetur
1057 1906 1093 1968 ut
1125 1899 1215 1988 leges

127 2009 249 2079 violare
275 2010 362 2089 velit,
390 2010 532 2079 consiliis
556 2012 719 2091 immotus
746 2012 881 2082 minisve
905 2013 1070 2082 interritus
1091 2017 1213 2080 manet.

128 2125 262 2193 Furenti
281 2122 436 2192 adversus
458 2125 691 2213 Arginusarum
716 2126 816 2195 duces
839 2127 958 2215 populo
978 2127 1022 2193 ita
1039 2130 1211 2214 repugnat,

129 2244 165 2306 ut
179 2237 315 2306 miseros
329 2238 542 2327 imperatores
566 2246 760 2308 conservet
783 2240 924 2330 quidem,
947 2240 1113 2329 proprium
1136 2259 1214 2306 vero

128 2353 230 2421 decus
255 2351 419 2440 integrum
442 2358 582 2420 tueatur.
618 2352 770 2434 Quamvis
793 2353 877 2421 inter
905 2352 1038 2441 triginta
1060 2358 1216 2441 tyrannos

127 2485 193 2533 non
219 2466 341 2552 paucos
365 2463 540 2553 discipulos
563 2463 728 2543 babuerit,
762 2484 875 2533 eorum
897 2463 1100 2533 atrocitatem
1124 2485 1214 2532 nun-

126 2597 224 2667 quam
239 2578 379 2666 probare
393 2577 565 2660 sustiuult;
591 2578 656 2646 imo
679 2577 924 2667 indignantibus
946 2577 1124 2647 cavillando
1148 2597 1215 2645 res·

126 2689 253 2779 pondit,
271 2710 333 2758 nec
347 2689 452 2757 minus
466 2689 686 2758 molestiarum
701 2692 839 2778 praebuit
852 2711 948 2779 quam
963 2690 1151 2779 sophistis².

175 2835 338 2900 Caeterum
350 2831 382 2897 in
400 2835 532 2897 externo
547 2830 617 2916 ejus
630 2829 742 2898 babitu
758 2829 836 2898 nibil
859 2830 980 2898 eminet
997 2830 1083 2919 quod
1102 2851 1215 2920 popu-

129 2945 231 3012 larem
244 2944 406 3012 civitatem
421 2943 575 3025 offendat.
592 2948 738 3033 Paupere
762 2946 882 3013 amictu
905 2946 1038 3014 vestitus
1062 2951 1094 3014 et
1117 2946 1213 3013 nudis

129 3054 269 3146 pedib'us
290 3056 469 3135 ambulans,
499 3057 573 3125 baec
596 3056 665 3126 loca
687 3057 868 3146 saepissime
897 3059 977 3146 petil
1000 3080 1062 3147 quo
1084 3059 1212 3148 plurimi

122 3168 304 3237 'convenire
328 3169 449 3250 solent;
476 3167 529 3236 lric
556 3169 701 3257 quisquis
719 3168 856 3236 voluerit
881 3170 920 3238 nd
952 3191 1025 3238 eum
1056 3171 1214 3239 accedere

128 3285 248 3368 potest,
273 3286 305 3347 et
330 3279 512 3368 loquentem
528 3279 722 3348 auscultare.
749 3268 839 3362 Quod
864 3282 1039 3369 superbum
1060 3281 1213 3371 quiddam

127 3392 231 3460 oculis
244 3398 337 3480 gerat
351 3392 465 3460 comici
479 3392 522 3460 illi
540 3393 754 3479 exprobrant3
777 3394 848 3462 llaec
865 3416 940 3462 vero
960 3397 1122 3483 superbia,
1139 3415 1213 3464 cum

170 3880 176 3918 ¹
200 3882 323 3951 Xonoplr.‚
337 3882 483 3947 lleuunnh„
499 3886 527 3939 1,.
545 3887 585 3949 lll,
601 3903 623 3938 c.
641 3884 666 3940 ὅ.
681 3913 708 3932 =
730 3887 741 3922 ²
760 3883 807 3949 ld,
848 3883 919 3947 illl,
937 3885 964 3938 l.
979 3885 997 3941 l,
1013 3902 1037 3937 c.
1053 3886 1079 3942 ⁶2.
