2684 4508
582 217 766 293 ..pr

113 439 154 508 de
167 438 217 506 his
232 440 329 507 rebus
345 439 433 517 lient,
450 437 688 506 stimulantibus
701 436 855 524 sophistis
867 435 1062 524 comicisque
1082 455 1192 524 sonp-

112 545 248 632 toribuS,
278 550 465 618 certamina.
494 551 541 618 Sit
573 551 651 618 satis
678 551 835 618 hacteuus
865 550 974 619 dicere
989 550 1192 638 antiquarum

114 664 357 743 sententiarum,
376 663 443 732 sive
458 686 475 732 a
491 663 724 743 sacerdotibus,
743 664 844 732 sivea
869 663 1044 752 majoribus
1065 662 1191 730 traditae

10 803 37 864 ‚·
113 783 234 855 essent,
257 776 492 855 auctoritatem,
507 779 574 865 jam
600 776 736 844 llorente
761 776 902 844 Cimonis
924 775 1078 864 potentio,
1097 775 1194 843 labe-

112 893 264 961 factatam
276 890 387 959 luisse.
403 894 473 959 Non
488 890 519 959 id
539 890 763 958 tantummodo
774 892 897 978 justum
913 890 1107 987 iniustumve
1125 890 1192 978 jam

113 1005 205 1100 multi
220 1004 395 1072 credebant
406 1003 632 1082 Athenienses
648 1002 733 1092 quod
742 1005 865 1092 justum
884 1008 940 1070 aut
953 1003 1107 1091 injustum
1135 1023 1194 1071 re—

113 1118 189 1207 ligio
206 1123 238 1186 et
252 1122 380 1207 patrum
405 1117 576 1206 disciplina
601 1116 815 1194 declararent,
828 1115 895 1217 xsed
914 1116 999 1205 quod
1024 1117 1192 1185 manifesta

114 1230 238 1298 ratione
250 1230 300 1297 vel
313 1229 469 1317 speciosis
482 1229 683 1318 argumentis
697 1231 869 1318 probatum
882 1229 996 1298 luisset
1023 1234 1079 1299 aut
1101 1229 1194 1299 refu-

114 1348 228 1410 tatum.
250 1347 356 1410 tama
382 1341 486 1409 doctis
510 1341 571 1410 illis
597 1341 782 1411 bominibus
807 1341 861 1431 qui
887 1343 1030 1411 Athenas
1055 1341 1194 1431 undique

114 1456 321 1525 contluebant
335 1456 463 1524 excitati
473 1458 609 1546 juvenes
620 1457 837 1545 quaestionum
847 1457 973 1527 illarum
983 1456 1194 1525 amantissimi

113 1569 245 1647 fiebunt,
263 1588 343 1657 quas
357 1567 499 1656 quotidie
525 1587 651 1637 summa
676 1569 832 1638 varietate
857 1569 1016 1638 versando
1044 1570 1195 1639 oblecta-

112 1681 241 1751 bantur.
266 1681 396 1750 Plurimi
421 1681 530 1769 igitur,
547 1683 716 1771 AEsehyleo
735 1684 873 1772 Apollini
899 1685 1030 1763 similes,
1048 1689 1195 1773 paternae

113 1817 154 1865 ac
169 1801 325 1864 maternae
341 1795 471 1885 pietatis
497 1796 601 1864 officia
629 1794 841 1885 distinguere,
866 1797 1073 1886 interpretari
1099 1803 1131 1866 et
1154 1798 1212 1865 ad>

113 1909 231 1977 mentis
263 1909 425 1998 animique
452 1909 502 1977 sui
528 1908 696 1977 arbitrium
728 1910 860 2001 exigere
889 1910 1087 2000 gaudebant.
1123 1914 1196 1980 Mox

113 2024 187 2092 aliae
206 2023 402 2112 quaestiones
416 2023 613 2102 oriebantur,
632 2022 749 2112 quibus
771 2043 879 2093 mores
901 2044 1006 2112 neque
1032 2024 1195 2112 corrumpi

114 2157 220 2227 neque
233 2135 398 2205 emendari
413 2157 509 2225 posse
521 2136 658 2216 diceres,
677 2138 733 2204 sed
744 2137 784 2205 ad
801 2157 909 2206 rerum
923 2142 1072 2223 naturam
1095 2157 1196 2225 pers-

115 2252 306 2321 crutandam
319 2249 563 2340 impellerentur
577 2250 744 2318 hominum
756 2250 899 2340 ingenia.
910 2255 979 2319 Hoc
992 2256 1100 2319 autem
1114 2271 1195 2319 cur-

115 2349 251 2433 riculum
266 2369 386 2453 quanta
409 2363 457 2432 sui
482 2363 597 2431 fiducia
631 2363 875 2452 ingrediebatur
901 2364 1008 2433 Attica
1027 2367 1191 2454 juventus

114 2484 232 2567 quanta
249 2478 281 2545 in
295 2498 334 2545 eo
353 2477 537 2546 temeritate
562 2476 769 2546 exsultabat?
791 2477 973 2566 Apollinem
997 2498 1115 2567 nempe
1141 2459 1196 2547 vi-

114 2592 249 2661 deamus
263 2592 393 2680 antiqua
409 2591 541 2660 numina
556 2596 589 2661 et
602 2591 727 2680 priscas
745 2591 916 2680 opiniones
941 2591 1032 2682 quasi
1044 2592 1195 2674 ,immisso

114 2733 196 2802 equo
214 2714 392 2782 calcantem
407 2704 721 2800 (καθιππαζόμενον
734 2709 746 2801 )
762 2713 783 2776 ¹.
819 2715 1048 2804 Multaquidem
1073 2714 1194 2802 profert

114 2846 188 2914 quae
203 2826 365 2894 veteribus
377 2826 532 2895 institutis
545 2828 700 2916 majorem
715 2827 917 2896 clementiam
934 2848 974 2895 ac
993 2827 1196 2895 sublimiores

114 2958 229 3006 sensus
248 2937 412 3016 inducant,
436 2936 535 3006 multa
551 2958 662 3007 rursus
683 2960 757 3028 quae
773 2939 898 3008 animos
924 2939 955 3006 in
980 2939 1195 3027 periculosam

114 3051 198 3118 viam
212 3056 415 3120 transversos
427 3055 537 3140 agant.
570 3051 717 3140 Coniugii
741 3051 827 3120 enim
851 3057 885 3119 et
910 3051 1044 3140 legitimi
1076 3052 1196 3120 amoris

110 3166 183 3252 jura
199 3164 513 3253 consanguineorum
533 3166 679 3234 societati
691 3165 849 3254 praeclare
863 3165 1019 3234 assimilat
1031 3165 1143 3254 Apollo
1164 3179 1192 3249 ²;

115 3281 172 3350 sed
187 3302 296 3370 quum,
321 3281 428 3351 dubiis
442 3281 643 3371 argumentis
656 3282 768 3361 fretus,
786 3281 886 3352 filium
915 3303 933 3351 a
960 3289 1063 3351 matre
1093 3292 1196 3373 prope

115 3395 255 3465 alienum
273 3415 345 3464 esse
360 3395 464 3484 fingit,
482 3400 646 3464 maternos
660 3415 723 3484 que
735 3394 875 3475 dolores,
907 3416 1023 3465 novem
1035 3397 1196 3466 mensium

115 3508 254 3587 fastidia,
289 3513 401 3596 partus
432 3529 613 3588 aerumnas,
646 3491 836 3599 praebendae
864 3530 1016 3580 mammae
1053 3511 1196 3581 laborem

118 3744 360 3757 m

154 3913 161 3952 l
184 3915 297 3986 AEscby.‚
318 3915 439 3982 honrem,
461 3935 485 3974 v.
510 3918 569 3974 llll.
591 3934 616 3956 =
640 3919 652 3960 ²
672 3919 719 3984 ld,
759 3916 831 3984 ibid,
853 3936 877 3973 v.
899 3917 950 3975 ‘215
965 3924 990 3972 et
1004 3910 1057 3990 sqq.
