2684 4508
617 150 774 204 -.198-

165 350 314 436 rpnjectu
355 352 649 435 recognoscentes,
690 347 837 435 populari
880 345 1068 434 reipublicae
1103 344 1243 413 Atticam

115 448 142 517 ⁰-
165 460 360 549 tragoediam
374 459 632 549 oomoediamquc
647 479 809 548 nunquam
832 459 950 528 favisse
971 457 1174 547 colligamus,
1190 457 1241 524 uel

165 578 254 641 certe
275 593 349 641 cum
375 571 543 661 plebicolis
569 571 610 640 ad
623 571 840 640 deliniendam
862 571 1098 660 tollendamque
1129 571 1243 638 multi-

163 684 308 753 tudinem
332 705 497 774 nunquam
523 684 774 773 conspiravisse.
792 688 883 754 Hauc
896 683 1027 772 quidem
1047 682 1241 752 sententiam

164 797 260 883 latins
274 818 369 887 aequo
392 803 506 886 patere
525 797 633 865 multis
645 796 827 879 videbitur;
843 797 897 886 qui
912 796 948 864 nt
968 796 1054 864 enirn
1068 802 1122 873 ut,
1145 815 1243 884 quum

37 939 40 944 ·
164 911 250 1000 apud
265 916 428 981 nostrates
440 912 577 980 liberum
595 910 759 979 scribendi
770 913 824 1000 jus
844 930 1035 980 concessum
1054 909 1131 989 tuit,
1158 909 1243 977 nulla

165 1025 294 1094 nonde
317 1025 416 1096 rebus
436 1025 596 1116 publicis,
623 1027 675 1094 vel
698 1027 856 1104 moribus,
873 1026 924 1095 vel
951 1027 1108 1116 religione
1136 1027 1243 1116 opinio

165 1138 245 1207 etin
259 1158 376 1217 scena,
404 1143 437 1208 et
462 1138 495 1206 in
515 1138 646 1217 libellis,
675 1139 755 1207 etin
771 1140 853 1207 actis
876 1139 1000 1208 diurnis
1015 1136 1152 1208 defenso
1180 1140 1240 1220 sit3

165 1250 251 1341 apud
263 1251 478 1321 Athenienses
491 1272 586 1329 vero,
615 1272 713 1320 unam
737 1253 805 1321 fere
831 1261 864 1321 et
887 1253 1035 1321 eamdem
1049 1253 1243 1321 sententiam

165 1369 273 1455 poetae
308 1365 635 1434 commendaverint?
662 1369 728 1434 Nos
750 1387 828 1435 uero
866 1388 933 1434 rem
967 1367 1011 1435 itn
1048 1385 1084 1434 se
1123 1365 1246 1433 habere

165 1478 454 1567 respondebimus3
475 1479 619 1568 quisquis
632 1480 719 1547 enirn
735 1481 875 1548 Atticam
897 1480 1091 1568 tragoediam
1115 1497 1246 1547 comoe-

164 1591 314 1681 diemque
339 1611 379 1659 ex
404 1592 633 1681 superstitibus
654 1594 871 1662 monumentis
897 1593 1153 1682 fragmentisque
1180 1612 1248 1659 no-

165 1703 263 1780 verit,
281 1702 366 1771 bane
378 1703 440 1772 illis
452 1708 562 1771 notam
577 1711 766 1773 constanter
779 1706 971 1794 impressam
985 1725 1056 1773 esse
1071 1705 1244 1785 tntebitur;

167 1822 200 1884 et
225 1816 257 1882 in
283 1816 433 1885 omnibus
453 1817 611 1905 ejusmodi
626 1819 731 1907 poetis
753 1819 784 1886 id
808 1839 979 1888 commune
993 1839 1066 1888 esse
1081 1818 1167 1907 quod
1182 1840 1250 1907 po-

166 1928 313 2018 pularem
325 1927 488 1997 licentiam
502 1949 568 1996 non
582 1931 733 2018 probent.

211 2095 246 2158 ln
260 2090 429 2179 lllsclrylea
443 2091 574 2180 quidem
585 2092 765 2180 tragoedia,
784 2094 914 2182 antiqua
934 2093 1107 2181 religione,
1124 2092 1249 2181 antiqui

144 2208 299 2306 senatus
320 2203 462 2272 consiliis
476 2210 657 2294 temperata
676 2205 863 2296 frenataque
887 2207 1019 2276 libertas
1041 2206 1246 2290 celebratur;
1294 2266 1301 2275 .

167 2317 200 2383 in
218 2315 399 2404 Sophocle,
418 2317 542 2406 patrius
556 2338 683 2407 quoqne
698 2317 880 2387 vindicatur
905 2322 1046 2386 Deorum
1064 2318 1186 2398 cultus,
1214 2325 1245 2387 et

170 2427 392 2505 seuerissima,
409 2433 445 2496 ut
459 2430 503 2495 ita
518 2427 642 2508 dicam,
658 2431 827 2517 majestate
841 2436 1037 2513 coronatur3
1064 2429 1250 2499 etsiautcm

170 2541 396 2629 acceptissima
424 2541 634 2629 optimatibus
654 2541 806 2611 instituta
832 2563 997 2631 nunquam
1022 2549 1059 2611 ut
1080 2543 1254 2632 AEschylns

169 2655 351 2744 Sophocles
384 2655 554 2735 defendit,
585 2657 711 2746 etipsa
753 2678 879 2725 morum
915 2657 1069 2725 facilitate
1095 2663 1129 2725 et
1151 2657 1254 2725 animi

170 2768 419 2838 mansuetudine
443 2768 562 2838 victam
577 2771 750 2840 factionem
772 2790 980 2860 propugnare
993 2775 1131 2848 vetatur,
1150 2770 1253 2838 nobi-

170 2884 251 2953 litati
274 2890 385 2952 tamen
411 2882 551 2981 aliquam
575 2884 800 2953 auctoritatem
818 2883 945 2952 videtur
969 2882 1161 2952 concedere.
1178 2888 1253 2953 Mox

169 3019 247 3067 uero
260 3018 360 3088 quum
375 3018 466 3066 novae
479 2997 638 3068 doetrinae
662 3019 702 3067 ae
721 2998 958 3088 disputationes
972 2998 1111 3067 Atticam
1132 2998 1253 3066 cirita-

169 3115 236 3178 tem
261 3109 434 3187 invasere,
467 3114 500 3178 et
525 3109 557 3176 in
584 3109 665 3179 duas
686 3113 798 3198 partes
823 3114 924 3178 totam
950 3114 1082 3198 gentem
1106 3108 1253 3178 dividere

171 3228 360 3311 coeperunt,
390 3242 454 3290 non
480 3223 606 3291 dubitat
633 3223 804 3312 Euripides
826 3223 918 3291 novis
942 3223 1003 3290 illis
1027 3222 1125 3291 rebus
1140 3227 1255 3311 aperte

170 3333 320 3412 studere,
348 3353 409 3402 nec
433 3335 467 3402 in
484 3332 659 3423 praeceptis
683 3334 855 3424 tragoediae
874 3334 1004 3403 insertis
1025 3334 1132 3402 minus
1154 3354 1253 3422 quarn

170 3448 204 3516 in
228 3447 299 3536 ipsa
313 3442 487 3536 tragoediae
501 3447 605 3515 torma
619 3448 661 3517 ab
676 3448 824 3536 augustis
838 3447 978 3537 AEscbyli
992 3446 1138 3536 uestigiis
1153 3466 1254 3515 rece-

170 3560 229 3629 dit.
244 3559 301 3629 llle
320 3579 401 3648 ergo
412 3559 571 3631 libertatis
581 3561 688 3650 prisca
702 3560 829 3629 vincula
842 3561 886 3629 ita
899 3560 1073 3630 relaxanda
1088 3564 1198 3649 putat,
1216 3564 1254 3628 ut

168 3677 278 3742 nmen
291 3672 431 3764 plebeiae
454 3672 595 3743 licentiae
622 3694 688 3742 non
702 3674 797 3743 latior
810 3674 975 3763 aperiatur
994 3692 1153 3762 campus;
1174 3691 1252 3740 mc-

170 3784 297 3855 diaeoue
315 3785 510 3855 conditionis
523 3786 612 3856 ciues
625 3787 734 3874 eligit,
759 3787 813 3877 qui
827 3807 921 3877 aequo
943 3786 1087 3877 pondere
1111 3806 1251 3874 rempu-
