2684 4508
533 215 670 270 ..59-

62 416 189 484 lortiter
202 435 367 504 pugnasse
376 415 580 494 ostendebat,
599 422 769 487 irautarum
781 417 887 487 turbae
902 416 1073 495 immixtos,
1087 417 1145 505 qui

63 528 255 617 popularem
269 527 458 616 reipublicae
472 532 592 596 statum
610 532 677 595 tam
692 528 834 598 studiose
849 529 1000 599 fovebant
1015 540 1038 597 ¹.

108 657 164 727 llis
177 678 258 746 orgo
268 658 364 727 sociis
376 658 478 726 fretus
490 663 597 747 poeta,
615 679 713 747 quum
728 659 879 727 Cleonem
894 680 933 728 ex
948 676 1073 728 summo
1087 680 1142 748 po

60 772 174 838 tentiae
191 770 326 859 ’fastigio
355 770 529 840 deturbare
550 773 583 839 iu
604 777 796 860 perpetuum
820 773 996 850 statuisset,
1025 773 1145 861 populo

62 882 204 970 primum
229 887 262 950 et
284 883 378 951 electi
407 902 474 950 ase
488 883 580 952 ducis
596 887 629 951 et
643 883 691 952 sui
714 882 814 972 ipsius
832 881 990 971 pudorem
1013 883 1146 972 injicere

62 996 176 1065 voluit.
193 1000 295 1078 Quam
308 1001 417 1064 autem
432 995 541 1084 populi
554 996 729 1083 imaginem
743 995 867 1064 comico
889 996 971 1084 stylo
993 996 1146 1083 descrip-

62 1115 132 1178 tam
142 1108 393 1177 Atheniensibus
406 1107 542 1177 obtulit?
556 1113 635 1177 Eam
647 1113 764 1197 nempe
774 1127 899 1196 quama
912 1109 1145 1178 romoediarum

64 1222 243 1310 scriptore,
268 1221 299 1290 in
319 1221 460 1310 partium
479 1221 710 1290 certaminibus
724 1227 862 1300 versato,
880 1222 989 1311 effingi
1012 1240 1147 1291 necesse

63 1339 146 1404 erat.
164 1332 322 1423 Quidquid
344 1333 376 1403 in
396 1334 628 1403 Atheniensum
647 1334 783 1422 imperio
804 1335 973 1403 ridiculum
995 1335 1088 1404 simul
1114 1340 1148 1403 et

63 1449 211 1519 deforme
225 1452 305 1526 erat,
328 1447 467 1517 exclusis
486 1467 588 1536 prope
601 1448 784 1527 virtutibus
807 1448 954 1518 inunum
969 1449 1144 1538 congessit,

65 1569 102 1631 et
127 1567 276 1630 ornatum
319 1563 363 1630 ila
404 1560 558 1650 populum
595 1560 657 1649 ipsi
696 1561 814 1650 populo
849 1561 958 1630 ridens
993 1562 1145 1630 ostendit.

64 1679 205 1763 Tempus
233 1680 266 1743 et
297 1692 430 1761 operam
456 1674 574 1741 frustra
603 1680 773 1741 consumat
800 1673 993 1762 quicumque
1018 1675 1149 1743 Aristo·-

64 1787 187 1877 phanei
213 1789 328 1873 Populi
353 1785 529 1874 imaginem
554 1785 700 1854 exomni
728 1792 820 1874 parte
836 1806 947 1854 veram
960 1787 1010 1855 vel
1035 1787 1148 1856 falsam

64 1900 206 1989 probare
225 1905 371 1968 conetur.
393 1902 563 1968 Oratorem
579 1898 816 1968 adulationibus
838 1898 1032 1968 delectatum
1053 1901 1150 1970 nimis

65 2035 108 2084 ac
120 2034 211 2102 saepe
223 2013 418 2099 inebriatum
433 2012 522 2081 illum
535 2011 635 2081 fuisse
648 2011 719 2101 quis
732 2018 852 2102 neget?
865 2015 907 2082 At
919 2014 1069 2103 prudenti
1084 2015 1150 2083 lau·

65 2127 198 2195 datione
211 2133 244 2194 et
260 2126 520 2218 commemoratis
536 2130 717 2214 opportune
733 2126 890 2214 maJorum
900 2126 1150 2214 tropaeisnonne

64 2241 108 2310 ad
122 2236 258 2329 magnas
272 2260 325 2308 res
339 2239 553 2327 perficiendas
568 2239 749 2328 saepissime
767 2239 949 2309 stimulatus
961 2245 1150 2311 estillleras

65 2352 198 2442 quidem
212 2352 324 2420 laudes
340 2351 451 2420 audire
472 2351 651 2440 gaudebam
675 2351 732 2420 sed
747 2352 893 2431 mixtum,
916 2359 951 2422 ut
963 2354 1008 2421 ita
1028 2353 1145 2433 dicam,
1273 2395 1279 2412 ·

66 2486 108 2534 ex
132 2463 279 2533 laudibus
293 2486 333 2532 ac
346 2465 582 2553 vituperatione
594 2464 745 2553 poculum
761 2485 824 2533 non
839 2485 968 2554 semper
982 2467 1023 2535 ab
1038 2485 1076 2534 eo
1090 2486 1150 2535 re-

61 2583 188 2670 jectum
202 2580 301 2648 fuisse
315 2580 564 2658 Demosthenes,
586 2581 739 2669 egregius
752 2580 868 2648 civium
884 2580 1031 2649 laudator
1045 2581 1150 2649 casti-

13 2728 22 2743 ·
64 2697 236 2782 gatorque,
253 2693 399 2782 exemplo
413 2713 471 2761 suo
484 2693 695 2762 demonstrat.
712 2698 779 2761 lmo
792 2714 1022 2783 nonnunquam
1032 2694 1148 2764 multas

63 2806 335 2895 reprehensiones
355 2826 394 2874 ac
407 2807 619 2875 contumelias
633 2785 838 2896 paucissimis
851 2813 1049 2896 temperatas
1072 2810 1148 2878 lau—

63 2917 172 2996 dibus,
188 2918 267 2986 dum
280 2918 453 2987 festivitate
465 2919 604 3009 quadam
620 2925 653 2988 et
666 2919 772 3008 lepido
788 2920 854 2989 sale
871 2921 1010 2990 conditae
1024 2927 1144 3000 essent,

60 3031 205 3120 benigne
228 3032 331 3120 accipi
351 3040 502 3121 expertus
525 3039 575 3102 est
596 3034 666 3122 ipse
691 3035 935 3122 Aristophanes,
961 3035 1015 3125 qui
1038 3040 1146 3105 tantos

61 3146 150 3214 inter
162 3147 294 3234 plausus
304 3148 432 3232 Equites
443 3146 474 3213 in
490 3166 621 3214 scenam
635 3148 770 3226 induxit,
788 3154 848 3216 eta
862 3146 979 3216 Cleone
991 3147 1042 3216 bis
1055 3152 1145 3216 terve

63 3257 273 3327 denuntiatus
284 3258 428 3347 judicum
444 3260 598 3349 suffragio
612 3279 741 3349 semper
754 3261 908 3330 liberatus
923 3268 983 3329 est.

101 3399 179 3485 ‚Ego
191 3415 279 3474 vero,
296 3396 423 3484 quoties
437 3396 675 3467 funestissimae
689 3397 760 3466 illos
768 3398 838 3466 dies
848 3397 1011 3477 recordor,
1029 3398 1145 3489 quibus

63 3505 236 3575 temeraria
275 3506 407 3576 consilia
443 3508 547 3576 Attica
577 3528 659 3597 gens
687 3509 767 3585 iniit,
795 3511 1044 3599 Aristophanem
1068 3532 1145 3581 vera

70 3721 312 3732 ——n——

105 3874 112 3902 ¹
133 3873 270 3945 Aristoph„
286 3875 388 3948 liquit,
404 3878 485 3943 chor„
504 3896 526 3933 v.
546 3877 676 3935 add-580
692 3912 727 3920 —
741 3879 872 3938 595-610.
901 3949 905 3957 ¹
