2684 4508
584 213 611 221 -
634 180 686 233 Quo
708 207 731 216 ·-

171 381 252 459 Quae
266 381 373 444 autem
395 379 504 463 partes
529 375 570 443 ah
594 373 809 442 eminentibus
828 372 958 463 ingenio
985 375 1061 442 uiris
1080 378 1201 465 majore

123 489 243 578 gaudio
256 509 295 556 ac
304 487 456 576 superbia
468 492 619 576 poterant
632 487 775 575 suscipit
790 488 849 568 Qui
863 507 898 554 se
910 488 1030 577 populo
1043 508 1082 557 eo
1096 490 1201 578 magis

124 602 299 690 placituros
312 600 533 678 confidebant,
561 620 624 690 quo
649 601 755 668 minus
772 600 803 669 ei
823 601 1025 670 inservirent.
1049 604 1202 671 Homini-

123 713 185 783 bus
211 713 298 780 enim
327 711 479 781 salutaria
511 732 585 780 cum
613 711 756 800 periculo
784 711 920 779 suadere
942 711 1038 798 pauci
1059 712 1197 785 audent.

122 825 312 897 fortitudine
342 832 375 895 et
398 826 579 896 constantia
598 826 745 915 egregii;
769 825 826 894 sed
852 824 923 894 illos
942 827 1032 914 ipsos
1064 848 1200 916 quorum

124 939 253 1008 animus
279 939 526 1009 contemnendis
553 959 666 1029 regum
690 940 740 1008 vel
760 938 952 1028 populorum
975 939 1070 1007 minis
1098 940 1202 1029 impar

125 1057 214 1120 esset
233 1071 310 1120 vera
327 1051 459 1140 impune
483 1050 611 1120 dicendi
634 1052 770 1120 facultas
795 1053 904 1122 allicit.
932 1053 1010 1133 Quis
1032 1073 1113 1143 ergo
1135 1054 1202 1122 mi-

126 1169 215 1232 retur
237 1164 323 1253 quod
342 1163 438 1233 Attici
463 1165 579 1233 theatri
598 1170 689 1233 vates
703 1185 741 1233 eo
761 1165 1020 1234 inclinaverunt?

170 1306 211 1370 ht
223 1301 427 1369 meminimus
444 1301 528 1370 inter
541 1302 684 1390 tragicos
697 1302 901 1392 comicosque
915 1304 1091 1392 scriptores
1103 1324 1203 1394 mag-

124 1435 201 1485 num
220 1413 373 1504 quiddam
402 1413 619 1483 interfuisse:
647 1414 692 1483 illi
719 1416 806 1485 enim
832 1415 1020 1506 aliquando,
1050 1417 1203 1506 Euripide

125 1528 228 1607 duce,
247 1529 337 1597 novis
362 1528 569 1618 opinionibus
592 1530 692 1598 multa
715 1537 964 1614 concesserunt;
988 1531 1146 1602 hiantem
1162 1533 1203 1601 de

126 1642 293 1732 religione,
306 1650 339 1711 et
352 1649 478 1721 natura,
497 1648 531 1710 ct
541 1642 695 1722 moribus,
713 1651 746 1712 et
760 1644 944 1713 civitatibus
957 1644 1147 1714 ordinandis
1161 1647 1203 1714 nil

127 1755 201 1827 novi
211 1754 440 1845 disputandum
454 1755 701 1825 contenderunt.
715 1760 778 1826 Cur
792 1757 837 1825 ita
852 1777 887 1826 se
900 1777 954 1826 res
966 1757 1127 1837 habuerit,
1147 1780 1205 1828 rur

59 1854 61 1858 ’
126 1870 159 1937 in
186 1870 324 1958 antiquis
356 1869 500 1938 moribus
526 1869 744 1958 institutisque
771 1868 984 1939 defendendis
1015 1875 1082 1939 tam
1119 1871 1204 1940 bene

128 1982 351 2050 consenserint
363 1980 478 2050 comici
502 1980 596 2049 nohis
619 1979 844 2070 inquirendum
864 1987 1024 2070 superest.

168 2122 256 2188 luter
271 2138 328 2187 eos
341 2117 472 2208 quidem
497 2137 537 2185 ac
553 2117 716 2206 sophistas
740 2118 849 2186 odium
864 2118 1001 2207 jamdiu
1024 2124 1101 2188 ante
1118 2122 1205 2190 Aris

125 2233 278 2324 tophanis
296 2230 422 2301 fabulas
435 2235 584 2299 exortum
600 2249 673 2299 esse
687 2229 792 2299 Graeci
814 2232 958 2299 Nullum
971 2235 1133 2299 testantur
1147 2235 1204 2300 in-

125 2352 314 2437 terpretes.
330 2349 401 2415 Non
415 2343 548 2414 defuere
566 2344 620 2434 qui
634 2344 763 2414 obviam
780 2344 932 2414 omnihus
946 2365 1077 2415 causam
1090 2353 1124 2415 et
1148 2348 1203 2416 in-

126 2466 225 2532 ventu
254 2459 437 2529 facillimam
469 2463 707 2548 proponerent;
741 2458 864 2527 Socrati
891 2479 1009 2548 nempe
1045 2461 1203 2531 comicam

126 2574 354 2645 scurrilitatem
376 2571 581 2662 displicuisse
609 2571 709 2640 refert
734 2570 919 2655 AElianus²;
941 2579 975 2641 et
1000 2572 1071 2662 ipse
1088 2574 1199 2654 Plato,

125 2689 271 2782 quamvis
308 2690 475 2756 Socratem
509 2683 717 2774 Aristophani
752 2685 959 2754 inconvicto
990 2688 1198 2767 reconciliet,

126 2799 320 2872 comoediam
334 2801 367 2868 in
382 2801 552 2888 Republica
566 2805 600 2867 et
612 2801 744 2886 Lepidus
755 2798 907 2887 ingenuis
918 2800 996 2867 viris
1010 2801 1144 2869 omnino
1159 2802 1203 2869 in·

123 2919 257 3007 dignam
271 2916 406 3004 judicat.
423 2919 500 2984 llaec
512 2914 633 2983 dixisse
645 2918 811 2983 Socratem
826 2935 891 2984 non
905 2916 1109 3005 negabimus,
1128 2940 1201 3008 quae

124 3030 165 3100 ad
193 3028 398 3098 conflandum
420 3027 464 3095 illi
487 3026 596 3096 odium
624 3025 742 3117 aliquid
763 3028 873 3110 forsan
892 3029 1120 3099 contulerunt:
1138 3053 1201 3100 non

124 3149 235 3212 tamen
273 3142 306 3210 in
337 3140 441 3210 solum
473 3144 640 3208 Socratem
675 3132 871 3210 invehuntur
903 3142 1038 3221 comici,
1080 3164 1203 3232 quarn-

120 3255 283 3345 quamde
310 3252 463 3343 sophistis
484 3252 527 3321 ita
554 3252 640 3341 loqui
665 3252 770 3322 solent
791 3249 828 3321 ut
848 3252 913 3322 dux
940 3274 1053 3324 eorum
1078 3259 1203 3327 Socra-

125 3374 175 3437 tes
209 3386 281 3436 esse
318 3365 487 3447 videatur3
523 3370 734 3454 Protagoram
768 3386 885 3455 nempe
926 3386 999 3434 cum
1036 3388 1076 3436 eo
1108 3369 1202 3438 simul

127 3592 368 3607 m

162 3761 171 3802 ¹
193 3763 250 3831 arg.
268 3760 334 3817 uua.
352 3762 360 3814 r
375 3766 401 3813 a
416 3760 434 3813 x
447 3760 488 3831 (n
503 3761 582 3815 sena.
600 3778 614 3814 a
627 3760 682 3816 nu.
697 3760 797 3830 eritis).
814 3728 842 3798 ε’
859 3761 872 3800 2
892 3762 1023 3828 arianus,
1044 3762 1104 3817 var.
1122 3763 1201 3828 nal,

124 3847 155 3905 L.
171 3849 210 3914 11,
227 3864 249 3903 c.
268 3848 310 3907 13,
