<?xml version="1.0" encoding="UTF-8"?>
<!DOCTYPE html PUBLIC "-//W3C//DTD XHTML 1.0 Transitional//EN"
    "http://www.w3.org/TR/xhtml1/DTD/xhtml1-transitional.dtd">
<html xmlns="http://www.w3.org/1999/xhtml" xml:lang="en" lang="en">
 <head>
  <title>
</title>
<meta http-equiv="Content-Type" content="text/html;charset=utf-8" />
  <meta name='ocr-system' content='tesseract 3.04.00' />
  <meta name='ocr-capabilities' content='ocr_page ocr_carea ocr_par ocr_line ocrx_word'/>
</head>
<body>
  <div class='ocr_page' id='page_1' title='image "./quaeinatticarep00trgoog_0205.png"; bbox 0 0 2684 4508; ppageno 0'>
   <div class='ocr_carea' id='block_1_1' title="bbox 624 171 779 226">
    <p class='ocr_par' dir='ltr' id='par_1_1' title="bbox 624 171 779 226">
     <span class='ocr_line' id='line_1_1' title="bbox 624 171 779 226; baseline 0 -1"><span class='ocrx_word' id='word_1_1' title='bbox 624 171 779 226; x_wconf 74' lang='lat' dir='ltr'><strong>-leu-</strong></span> 
     </span>
    </p>
   </div>
   <div class='ocr_carea' id='block_1_2' title="bbox 161 367 1260 894">
    <p class='ocr_par' dir='ltr' id='par_1_2' title="bbox 161 367 1260 894">
     <span class='ocr_line' id='line_1_2' title="bbox 161 367 1246 459; baseline -0.006 -20"><span class='ocrx_word' id='word_1_2' title='bbox 161 371 277 439; x_wconf 84' lang='lat' dir='ltr'><strong>eadem</strong></span> <span class='ocrx_word' id='word_1_3' title='bbox 297 372 364 459; x_wconf 92' lang='lat' dir='ltr'><strong>jam</strong></span> <span class='ocrx_word' id='word_1_4' title='bbox 392 369 472 437; x_wconf 89' lang='lat' dir='ltr'><strong>velle</strong></span> <span class='ocrx_word' id='word_1_5' title='bbox 502 386 541 437; x_wconf 91' lang='lat' dir='ltr'><strong>ae</strong></span> <span class='ocrx_word' id='word_1_6' title='bbox 565 368 651 436; x_wconf 91' lang='lat' dir='ltr'><strong>nolle</strong></span> <span class='ocrx_word' id='word_1_7' title='bbox 684 367 854 455; x_wconf 80' lang='lat' dir='ltr'><strong>incipiunt.</strong></span> <span class='ocrx_word' id='word_1_8' title='bbox 892 368 950 435; x_wconf 88' lang='lat' dir='ltr'><strong>Hie</strong></span> <span class='ocrx_word' id='word_1_9' title='bbox 984 373 1111 444; x_wconf 86' lang='lat' dir='ltr'><strong>autern,</strong></span> <span class='ocrx_word' id='word_1_10' title='bbox 1153 367 1246 434; x_wconf 92' lang='lat' dir='ltr'><strong>utin</strong></span> 
     </span>
     <span class='ocr_line' id='line_1_3' title="bbox 162 480 1248 570; baseline -0.004 -20"><span class='ocrx_word' id='word_1_11' title='bbox 162 487 273 561; x_wconf 83' lang='lat' dir='ltr'><strong>Pluto,</strong></span> <span class='ocrx_word' id='word_1_12' title='bbox 292 483 383 551; x_wconf 92' lang='lat' dir='ltr'><strong>novis</strong></span> <span class='ocrx_word' id='word_1_13' title='bbox 401 482 556 550; x_wconf 92' lang='lat' dir='ltr'><strong>institutis</strong></span> <span class='ocrx_word' id='word_1_14' title='bbox 571 480 611 549; x_wconf 88' lang='lat' dir='ltr'><strong>ad</strong></span> <span class='ocrx_word' id='word_1_15' title='bbox 624 481 743 549; x_wconf 90' lang='lat' dir='ltr'><strong>bonam</strong></span> <span class='ocrx_word' id='word_1_16' title='bbox 759 481 887 570; x_wconf 80' lang='lat' dir='ltr'><strong>frugem</strong></span> <span class='ocrx_word' id='word_1_17' title='bbox 899 480 1133 570; x_wconf 83' lang='lat' dir='ltr'><strong>omnesredigi</strong></span> <span class='ocrx_word' id='word_1_18' title='bbox 1149 480 1248 547; x_wconf 85' lang='lat' dir='ltr'><strong>vide-</strong></span> 
     </span>
     <span class='ocr_line' id='line_1_4' title="bbox 162 593 1260 683; baseline -0.006 -17"><span class='ocrx_word' id='word_1_19' title='bbox 162 617 247 666; x_wconf 86' lang='lat' dir='ltr'><strong>mus.</strong></span> <span class='ocrx_word' id='word_1_20' title='bbox 265 596 343 677; x_wconf 85' lang='lat' dir='ltr'><strong>Quis</strong></span> <span class='ocrx_word' id='word_1_21' title='bbox 357 595 511 683; x_wconf 78' lang='lat' dir='ltr'>deinceps</span> <span class='ocrx_word' id='word_1_22' title='bbox 527 593 648 663; x_wconf 85' lang='lat' dir='ltr'><strong>lurtum</strong></span> <span class='ocrx_word' id='word_1_23' title='bbox 670 594 701 661; x_wconf 91' lang='lat' dir='ltr'><strong>in</strong></span> <span class='ocrx_word' id='word_1_24' title='bbox 716 594 797 663; x_wconf 92' lang='lat' dir='ltr'><strong>alios</strong></span> <span class='ocrx_word' id='word_1_25' title='bbox 808 595 859 663; x_wconf 90' lang='lat' dir='ltr'><strong>vel</strong></span> <span class='ocrx_word' id='word_1_26' title='bbox 874 594 1078 671; x_wconf 75' lang='lat' dir='ltr'>latrocinium</span> <span class='ocrx_word' id='word_1_27' title='bbox 1092 612 1260 662; x_wconf 79' lang='lat' dir='ltr'><strong>exercere.</strong></span> 
     </span>
     <span class='ocr_line' id='line_1_5' title="bbox 163 707 1250 798; baseline -0.005 -20"><span class='ocrx_word' id='word_1_28' title='bbox 163 711 259 788; x_wconf 90' lang='lat' dir='ltr'><strong>velit,</strong></span> <span class='ocrx_word' id='word_1_29' title='bbox 290 729 389 798; x_wconf 87' lang='lat' dir='ltr'><strong>quum</strong></span> <span class='ocrx_word' id='word_1_30' title='bbox 425 709 496 797; x_wconf 91' lang='lat' dir='ltr'><strong>ipse</strong></span> <span class='ocrx_word' id='word_1_31' title='bbox 526 708 644 776; x_wconf 90' lang='lat' dir='ltr'><strong>nullius</strong></span> <span class='ocrx_word' id='word_1_32' title='bbox 676 708 743 786; x_wconf 90' lang='lat' dir='ltr'><strong>rei,</strong></span> <span class='ocrx_word' id='word_1_33' title='bbox 772 707 890 776; x_wconf 90' lang='lat' dir='ltr'><strong>nullius</strong></span> <span class='ocrx_word' id='word_1_34' title='bbox 923 707 1098 795; x_wconf 88' lang='lat' dir='ltr'><strong>voluptatis</strong></span> <span class='ocrx_word' id='word_1_35' title='bbox 1131 726 1250 795; x_wconf 78' lang='lat' dir='ltr'><strong>expers</strong></span> 
     </span>
     <span class='ocr_line' id='line_1_6' title="bbox 163 827 316 894; baseline -0.026 0"><span class='ocrx_word' id='word_1_36' title='bbox 163 827 316 894; x_wconf 71' lang='lat' dir='ltr'><strong>maneat?</strong></span> 
     </span>
    </p>
   </div>
   <div class='ocr_carea' id='block_1_3' title="bbox 86 949 1302 2173">
    <p class='ocr_par' dir='ltr' id='par_1_3' title="bbox 86 949 1302 2173">
     <span class='ocr_line' id='line_1_7' title="bbox 209 949 1252 1040; baseline -0.007 -19"><span class='ocrx_word' id='word_1_37' title='bbox 209 951 273 1021; x_wconf 86' lang='lat' dir='ltr'><strong>Sed</strong></span> <span class='ocrx_word' id='word_1_38' title='bbox 295 970 414 1040; x_wconf 82' lang='lat' dir='ltr'><strong>magna</strong></span> <span class='ocrx_word' id='word_1_39' title='bbox 437 949 610 1018; x_wconf 80' lang='lat' dir='ltr'><strong>difficultas</strong></span> <span class='ocrx_word' id='word_1_40' title='bbox 624 950 762 1030; x_wconf 88' lang='lat' dir='ltr'><strong>exstitit,</strong></span> <span class='ocrx_word' id='word_1_41' title='bbox 791 970 887 1039; x_wconf 90' lang='lat' dir='ltr'><strong>quam</strong></span> <span class='ocrx_word' id='word_1_42' title='bbox 904 951 937 1018; x_wconf 93' lang='lat' dir='ltr'><strong>in</strong></span> <span class='ocrx_word' id='word_1_43' title='bbox 962 953 1057 1018; x_wconf 80' lang='lat' dir='ltr'><strong>Pluto</strong></span> <span class='ocrx_word' id='word_1_44' title='bbox 1068 951 1137 1038; x_wconf 89' lang='lat' dir='ltr'><strong>jam</strong></span> <span class='ocrx_word' id='word_1_45' title='bbox 1159 952 1252 1015; x_wconf 92' lang='lat' dir='ltr'><strong>Pau-</strong></span> 
     </span>
     <span class='ocr_line' id='line_1_8' title="bbox 167 1062 1302 1156; baseline -0.005 -22"><span class='ocrx_word' id='word_1_46' title='bbox 167 1073 277 1156; x_wconf 89' lang='lat' dir='ltr'><strong>pertas</strong></span> <span class='ocrx_word' id='word_1_47' title='bbox 289 1063 460 1152; x_wconf 82' lang='lat' dir='ltr'><strong>Chremylo</strong></span> <span class='ocrx_word' id='word_1_48' title='bbox 475 1064 641 1153; x_wconf 80' lang='lat' dir='ltr'><strong>objecerat</strong></span> <span class='ocrx_word' id='word_1_49' title='bbox 658 1086 664 1132; x_wconf 95' lang='lat'><strong>:</strong></span> <span class='ocrx_word' id='word_1_50' title='bbox 683 1064 769 1132; x_wconf 93' lang='lat' dir='ltr'><strong>unde</strong></span> <span class='ocrx_word' id='word_1_51' title='bbox 783 1063 869 1131; x_wconf 86' lang='lat' dir='ltr'><strong>enirn</strong></span> <span class='ocrx_word' id='word_1_52' title='bbox 888 1063 962 1133; x_wconf 83' lang='lat' dir='ltr'><strong>baeo</strong></span> <span class='ocrx_word' id='word_1_53' title='bbox 974 1065 1051 1132; x_wconf 82' lang='lat' dir='ltr'><strong>vitae</strong></span> <span class='ocrx_word' id='word_1_54' title='bbox 1077 1062 1252 1131; x_wconf 84' lang='lat' dir='ltr'><strong>commoda</strong></span> <span class='ocrx_word' id='word_1_55' title='bbox 1298 1097 1302 1103; x_wconf 77' lang='lat'><em>‚</em></span> 
     </span>
     <span class='ocr_line' id='line_1_9' title="bbox 165 1174 1253 1265; baseline -0.008 -17"><span class='ocrx_word' id='word_1_56' title='bbox 165 1183 420 1265; x_wconf 86' lang='lat' dir='ltr'><strong>ornamentaque</strong></span> <span class='ocrx_word' id='word_1_57' title='bbox 442 1175 761 1265; x_wconf 71' lang='lat' dir='ltr'><strong>suppeditabantur?</strong></span> <span class='ocrx_word' id='word_1_58' title='bbox 780 1175 862 1256; x_wconf 85' lang='lat' dir='ltr'><strong>Quid</strong></span> <span class='ocrx_word' id='word_1_59' title='bbox 881 1175 1015 1264; x_wconf 90' lang='lat' dir='ltr'><strong>prodest</strong></span> <span class='ocrx_word' id='word_1_60' title='bbox 1033 1174 1121 1264; x_wconf 90' lang='lat' dir='ltr'><strong>quod</strong></span> <span class='ocrx_word' id='word_1_61' title='bbox 1135 1193 1253 1242; x_wconf 91' lang='lat' dir='ltr'><strong>omnes</strong></span> 
     </span>
     <span class='ocr_line' id='line_1_10' title="bbox 166 1287 1253 1382; baseline -0.006 -22"><span class='ocrx_word' id='word_1_62' title='bbox 166 1293 237 1382; x_wconf 83' lang='lat' dir='ltr'><strong>agri</strong></span> <span class='ocrx_word' id='word_1_63' title='bbox 257 1291 378 1380; x_wconf 80' lang='lat' dir='ltr'><strong>publici</strong></span> <span class='ocrx_word' id='word_1_64' title='bbox 393 1291 491 1369; x_wconf 87' lang='lat' dir='ltr'><strong>fiant,</strong></span> <span class='ocrx_word' id='word_1_65' title='bbox 510 1291 569 1357; x_wconf 90' lang='lat' dir='ltr'><strong>sia</strong></span> <span class='ocrx_word' id='word_1_66' title='bbox 589 1289 718 1357; x_wconf 92' lang='lat' dir='ltr'><strong>nemine</strong></span> <span class='ocrx_word' id='word_1_67' title='bbox 738 1289 907 1372; x_wconf 82' lang='lat' dir='ltr'><strong>eolantur3</strong></span> <span class='ocrx_word' id='word_1_68' title='bbox 938 1288 1024 1378; x_wconf 89' lang='lat' dir='ltr'><strong>quod</strong></span> <span class='ocrx_word' id='word_1_69' title='bbox 1047 1289 1078 1356; x_wconf 93' lang='lat' dir='ltr'><strong>in</strong></span> <span class='ocrx_word' id='word_1_70' title='bbox 1106 1287 1253 1356; x_wconf 91' lang='lat' dir='ltr'><strong>medium</strong></span> 
     </span>
     <span class='ocr_line' id='line_1_11' title="bbox 167 1401 1255 1491; baseline -0.008 -16"><span class='ocrx_word' id='word_1_71' title='bbox 167 1404 275 1475; x_wconf 90' lang='lat' dir='ltr'><strong>omnia</strong></span> <span class='ocrx_word' id='word_1_72' title='bbox 287 1405 373 1472; x_wconf 92' lang='lat' dir='ltr'><strong>bona</strong></span> <span class='ocrx_word' id='word_1_73' title='bbox 388 1403 503 1471; x_wconf 86' lang='lat' dir='ltr'><strong>eollata</strong></span> <span class='ocrx_word' id='word_1_74' title='bbox 519 1403 602 1481; x_wconf 91' lang='lat' dir='ltr'><strong>sint,</strong></span> <span class='ocrx_word' id='word_1_75' title='bbox 621 1403 647 1470; x_wconf 94' lang='lat' dir='ltr'><strong>si</strong></span> <span class='ocrx_word' id='word_1_76' title='bbox 663 1409 929 1491; x_wconf 77' lang='lat' dir='ltr'><strong>consumptarum</strong></span> <span class='ocrx_word' id='word_1_77' title='bbox 942 1423 1050 1471; x_wconf 90' lang='lat' dir='ltr'><strong>rerum</strong></span> <span class='ocrx_word' id='word_1_78' title='bbox 1063 1401 1158 1490; x_wconf 90' lang='lat' dir='ltr'><strong>eopia</strong></span> <span class='ocrx_word' id='word_1_79' title='bbox 1174 1420 1255 1468; x_wconf 93' lang='lat' dir='ltr'><strong>nnn·</strong></span> 
     </span>
     <span class='ocr_line' id='line_1_12' title="bbox 167 1517 1255 1609; baseline -0.005 -23"><span class='ocrx_word' id='word_1_80' title='bbox 167 1539 264 1609; x_wconf 88' lang='lat' dir='ltr'><strong>quam</strong></span> <span class='ocrx_word' id='word_1_81' title='bbox 283 1523 482 1586; x_wconf 76' lang='lat' dir='ltr'><strong>renovetur?</strong></span> <span class='ocrx_word' id='word_1_82' title='bbox 510 1521 612 1599; x_wconf 82' lang='lat' dir='ltr'><strong>Quem</strong></span> <span class='ocrx_word' id='word_1_83' title='bbox 639 1517 826 1606; x_wconf 85' lang='lat' dir='ltr'><strong>scrupulum</strong></span> <span class='ocrx_word' id='word_1_84' title='bbox 852 1517 957 1586; x_wconf 89' lang='lat' dir='ltr'><strong>audax</strong></span> <span class='ocrx_word' id='word_1_85' title='bbox 983 1522 1170 1605; x_wconf 86' lang='lat' dir='ltr'><strong>Praxagora</strong></span> <span class='ocrx_word' id='word_1_86' title='bbox 1187 1535 1255 1582; x_wconf 93' lang='lat' dir='ltr'><strong>uno</strong></span> 
     </span>
     <span class='ocr_line' id='line_1_13' title="bbox 167 1628 1254 1718; baseline -0.004 -18"><span class='ocrx_word' id='word_1_87' title='bbox 167 1637 294 1700; x_wconf 89' lang='lat' dir='ltr'><strong>tantum</strong></span> <span class='ocrx_word' id='word_1_88' title='bbox 313 1631 412 1700; x_wconf 89' lang='lat' dir='ltr'><strong>verbo</strong></span> <span class='ocrx_word' id='word_1_89' title='bbox 433 1629 538 1713; x_wconf 83' lang='lat' dir='ltr'><strong>tollit3</strong></span> <span class='ocrx_word' id='word_1_90' title='bbox 566 1630 668 1698; x_wconf 85' lang='lat' dir='ltr'><strong>servis</strong></span> <span class='ocrx_word' id='word_1_91' title='bbox 691 1650 809 1718; x_wconf 89' lang='lat' dir='ltr'><strong>nempe</strong></span> <span class='ocrx_word' id='word_1_92' title='bbox 833 1650 963 1698; x_wconf 89' lang='lat' dir='ltr'><strong>ornnem</strong></span> <span class='ocrx_word' id='word_1_93' title='bbox 977 1630 1137 1707; x_wconf 89' lang='lat' dir='ltr'><strong>laborem,</strong></span> <span class='ocrx_word' id='word_1_94' title='bbox 1157 1634 1194 1697; x_wconf 88' lang='lat' dir='ltr'><strong>ut</strong></span> <span class='ocrx_word' id='word_1_95' title='bbox 1221 1628 1254 1696; x_wconf 94' lang='lat' dir='ltr'><strong>in</strong></span> 
     </span>
     <span class='ocr_line' id='line_1_14' title="bbox 168 1732 1258 1833; baseline -0.004 -21"><span class='ocrx_word' id='word_1_96' title='bbox 168 1748 263 1813; x_wconf 80' lang='lat' dir='ltr'><strong>Pluto</strong></span> <span class='ocrx_word' id='word_1_97' title='bbox 281 1744 481 1833; x_wconf 81' lang='lat' dir='ltr'><strong>Chremylus,</strong></span> <span class='ocrx_word' id='word_1_98' title='bbox 509 1743 683 1831; x_wconf 73' lang='lat' dir='ltr'><strong>assigner.</strong></span> <span class='ocrx_word' id='word_1_99' title='bbox 701 1743 816 1811; x_wconf 85' lang='lat' dir='ltr'><strong>Faeilis</strong></span> <span class='ocrx_word' id='word_1_100' title='bbox 840 1732 951 1812; x_wconf 87' lang='lat' dir='ltr'><strong>autem</strong></span> <span class='ocrx_word' id='word_1_101' title='bbox 963 1744 1121 1832; x_wconf 86' lang='lat' dir='ltr'><strong>Blepyrus</strong></span> <span class='ocrx_word' id='word_1_102' title='bbox 1144 1749 1178 1810; x_wconf 91' lang='lat' dir='ltr'><strong>et</strong></span> <span class='ocrx_word' id='word_1_103' title='bbox 1197 1743 1258 1809; x_wconf 89' lang='lat' dir='ltr'><strong>in-</strong></span> 
     </span>
     <span class='ocr_line' id='line_1_15' title="bbox 86 1853 1257 1946; baseline 0.002 -27"><span class='ocrx_word' id='word_1_104' title='bbox 86 1912 87 1919; x_wconf 74' lang='grc'>,</span> <span class='ocrx_word' id='word_1_105' title='bbox 169 1856 257 1946; x_wconf 83' lang='lat' dir='ltr'><strong>genii</strong></span> <span class='ocrx_word' id='word_1_106' title='bbox 272 1856 451 1945; x_wconf 82' lang='lat' dir='ltr'><strong>sagaeitate</strong></span> <span class='ocrx_word' id='word_1_107' title='bbox 475 1875 589 1943; x_wconf 91' lang='lat' dir='ltr'><strong>parum</strong></span> <span class='ocrx_word' id='word_1_108' title='bbox 616 1853 747 1935; x_wconf 90' lang='lat' dir='ltr'><strong>valens,</strong></span> <span class='ocrx_word' id='word_1_109' title='bbox 765 1875 831 1923; x_wconf 94' lang='lat' dir='ltr'><strong>non</strong></span> <span class='ocrx_word' id='word_1_110' title='bbox 845 1856 1036 1945; x_wconf 81' lang='lat' dir='ltr'><strong>respondet,</strong></span> <span class='ocrx_word' id='word_1_111' title='bbox 1053 1861 1090 1924; x_wconf 91' lang='lat' dir='ltr'><strong>ut</strong></span> <span class='ocrx_word' id='word_1_112' title='bbox 1106 1856 1139 1923; x_wconf 94' lang='lat' dir='ltr'><strong>in</strong></span> <span class='ocrx_word' id='word_1_113' title='bbox 1159 1857 1257 1922; x_wconf 81' lang='lat' dir='ltr'><strong>Pluto</strong></span> 
     </span>
     <span class='ocr_line' id='line_1_16' title="bbox 169 1969 1260 2060; baseline 0.001 -22"><span class='ocrx_word' id='word_1_114' title='bbox 169 1975 348 2059; x_wconf 88' lang='lat' dir='ltr'><strong>Paupertas</strong></span> <span class='ocrx_word' id='word_1_115' title='bbox 369 1994 377 2038; x_wconf 91' lang='lat'>:</span> <span class='ocrx_word' id='word_1_116' title='bbox 398 1996 412 2031; x_wconf 89' lang='lat'><strong>«</strong></span> <span class='ocrx_word' id='word_1_117' title='bbox 440 1969 517 2050; x_wconf 81' lang='lat' dir='ltr'><strong>Quis</strong></span> <span class='ocrx_word' id='word_1_118' title='bbox 540 1989 651 2037; x_wconf 85' lang='lat' dir='ltr'><strong>servos</strong></span> <span class='ocrx_word' id='word_1_119' title='bbox 666 1969 760 2038; x_wconf 93' lang='lat' dir='ltr'><strong>nobis</strong></span> <span class='ocrx_word' id='word_1_120' title='bbox 779 1970 1056 2060; x_wconf 75' lang='lat' dir='ltr'><strong>suppeditabitl»</strong></span> <span class='ocrx_word' id='word_1_121' title='bbox 1085 1972 1126 2038; x_wconf 80' lang='lat' dir='ltr'><strong>nt</strong></span> <span class='ocrx_word' id='word_1_122' title='bbox 1144 1976 1260 2039; x_wconf 84' lang='lat' dir='ltr'><strong>uxoris</strong></span> 
     </span>
     <span class='ocr_line' id='line_1_17' title="bbox 170 2081 1259 2173; baseline 0.002 -22.985"><span class='ocrx_word' id='word_1_123' title='bbox 170 2103 363 2172; x_wconf 90' lang='lat' dir='ltr'><strong>responsum</strong></span> <span class='ocrx_word' id='word_1_124' title='bbox 377 2088 501 2151; x_wconf 90' lang='lat' dir='ltr'><strong>temere</strong></span> <span class='ocrx_word' id='word_1_125' title='bbox 515 2081 652 2170; x_wconf 92' lang='lat' dir='ltr'><strong>probat,</strong></span> <span class='ocrx_word' id='word_1_126' title='bbox 671 2103 733 2151; x_wconf 90' lang='lat' dir='ltr'><strong>neo</strong></span> <span class='ocrx_word' id='word_1_127' title='bbox 752 2082 822 2172; x_wconf 90' lang='lat' dir='ltr'><strong>ipsa</strong></span> <span class='ocrx_word' id='word_1_128' title='bbox 837 2103 873 2151; x_wconf 93' lang='lat' dir='ltr'><strong>re</strong></span> <span class='ocrx_word' id='word_1_129' title='bbox 887 2084 983 2153; x_wconf 86' lang='lat' dir='ltr'><strong>altius</strong></span> <span class='ocrx_word' id='word_1_130' title='bbox 995 2090 1195 2173; x_wconf 85' lang='lat' dir='ltr'><strong>pertentata,</strong></span> <span class='ocrx_word' id='word_1_131' title='bbox 1215 2085 1259 2152; x_wconf 91' lang='lat' dir='ltr'><strong>ad</strong></span> 
     </span>
    </p>
   </div>
   <div class='ocr_carea' id='block_1_4' title="bbox 170 2199 992 2290">
    <p class='ocr_par' dir='ltr' id='par_1_4' title="bbox 170 2199 992 2290">
     <span class='ocr_line' id='line_1_18' title="bbox 170 2199 992 2290; baseline -0.002 -20"><span class='ocrx_word' id='word_1_132' title='bbox 170 2201 354 2270; x_wconf 89' lang='lat' dir='ltr'><strong>eonvivium</strong></span> <span class='ocrx_word' id='word_1_133' title='bbox 369 2207 524 2290; x_wconf 82' lang='lat' dir='ltr'><strong>properat</strong></span> <span class='ocrx_word' id='word_1_134' title='bbox 538 2199 623 2288; x_wconf 88' lang='lat' dir='ltr'><strong>quod</strong></span> <span class='ocrx_word' id='word_1_135' title='bbox 639 2199 771 2268; x_wconf 84' lang='lat' dir='ltr'><strong>feminee</strong></span> <span class='ocrx_word' id='word_1_136' title='bbox 784 2208 992 2289; x_wconf 89' lang='lat' dir='ltr'><strong>paraverunt.</strong></span> 
     </span>
    </p>
   </div>
   <div class='ocr_carea' id='block_1_5' title="bbox 171 2338 1266 3221">
    <p class='ocr_par' dir='ltr' id='par_1_5' title="bbox 171 2338 1266 3221">
     <span class='ocr_line' id='line_1_19' title="bbox 215 2338 1261 2437; baseline 0.001 -29"><span class='ocrx_word' id='word_1_137' title='bbox 215 2338 298 2421; x_wconf 85' lang='lat' dir='ltr'><strong>Quid</strong></span> <span class='ocrx_word' id='word_1_138' title='bbox 312 2359 389 2407; x_wconf 85' lang='lat' dir='ltr'><strong>vero</strong></span> <span class='ocrx_word' id='word_1_139' title='bbox 403 2338 600 2407; x_wconf 89' lang='lat' dir='ltr'><strong>ineommodi</strong></span> <span class='ocrx_word' id='word_1_140' title='bbox 615 2359 726 2407; x_wconf 89' lang='lat' dir='ltr'><strong>seeum</strong></span> <span class='ocrx_word' id='word_1_141' title='bbox 741 2339 773 2407; x_wconf 95' lang='lat' dir='ltr'><strong>id</strong></span> <span class='ocrx_word' id='word_1_142' title='bbox 788 2339 958 2408; x_wconf 89' lang='lat' dir='ltr'><strong>eonsilium</strong></span> <span class='ocrx_word' id='word_1_143' title='bbox 972 2340 1063 2437; x_wconf 83' lang='lat' dir='ltr'><strong>ierat,</strong></span> <span class='ocrx_word' id='word_1_144' title='bbox 1079 2360 1156 2409; x_wconf 90' lang='lat' dir='ltr'><strong>mox</strong></span> <span class='ocrx_word' id='word_1_145' title='bbox 1170 2341 1261 2410; x_wconf 88' lang='lat' dir='ltr'><strong>inter</strong></span> 
     </span>
     <span class='ocr_line' id='line_1_20' title="bbox 171 2450 1261 2541; baseline 0.004 -22"><span class='ocrx_word' id='word_1_146' title='bbox 171 2453 255 2520; x_wconf 91' lang='lat' dir='ltr'><strong>risus</strong></span> <span class='ocrx_word' id='word_1_147' title='bbox 268 2453 399 2541; x_wconf 91' lang='lat' dir='ltr'><strong>etjooos</strong></span> <span class='ocrx_word' id='word_1_148' title='bbox 412 2450 629 2533; x_wconf 79' lang='lat' dir='ltr'><strong>lascivamque</strong></span> <span class='ocrx_word' id='word_1_149' title='bbox 641 2451 799 2531; x_wconf 80' lang='lat' dir='ltr'><strong>laetitiam,</strong></span> <span class='ocrx_word' id='word_1_150' title='bbox 816 2452 997 2541; x_wconf 86' lang='lat' dir='ltr'><strong>apparebit.</strong></span> <span class='ocrx_word' id='word_1_151' title='bbox 1010 2454 1154 2522; x_wconf 90' lang='lat' dir='ltr'><strong>Primum</strong></span> <span class='ocrx_word' id='word_1_152' title='bbox 1168 2456 1261 2523; x_wconf 83' lang='lat' dir='ltr'><strong>enirn</strong></span> 
     </span>
     <span class='ocr_line' id='line_1_21' title="bbox 171 2563 1262 2657; baseline 0.004 -24"><span class='ocrx_word' id='word_1_153' title='bbox 171 2568 241 2633; x_wconf 79' lang='lat' dir='ltr'><strong>r&#39;em</strong></span> <span class='ocrx_word' id='word_1_154' title='bbox 255 2565 413 2653; x_wconf 81' lang='lat' dir='ltr'><strong>perficere</strong></span> <span class='ocrx_word' id='word_1_155' title='bbox 429 2584 493 2631; x_wconf 94' lang='lat' dir='ltr'><strong>non</strong></span> <span class='ocrx_word' id='word_1_156' title='bbox 508 2563 602 2631; x_wconf 84' lang='lat' dir='ltr'><strong>faoile</strong></span> <span class='ocrx_word' id='word_1_157' title='bbox 617 2570 677 2643; x_wconf 88' lang='lat' dir='ltr'><strong>est,</strong></span> <span class='ocrx_word' id='word_1_158' title='bbox 695 2585 794 2654; x_wconf 88' lang='lat' dir='ltr'><strong>quum</strong></span> <span class='ocrx_word' id='word_1_159' title='bbox 813 2565 857 2634; x_wconf 92' lang='lat' dir='ltr'><strong>ita</strong></span> <span class='ocrx_word' id='word_1_160' title='bbox 872 2566 1019 2636; x_wconf 90' lang='lat' dir='ltr'><strong>homines</strong></span> <span class='ocrx_word' id='word_1_161' title='bbox 1042 2576 1144 2636; x_wconf 85' lang='lat' dir='ltr'><strong>semet</strong></span> <span class='ocrx_word' id='word_1_162' title='bbox 1167 2569 1262 2657; x_wconf 90' lang='lat' dir='ltr'><strong>ipsos</strong></span> 
     </span>
     <span class='ocr_line' id='line_1_22' title="bbox 171 2682 1263 2772; baseline 0 -20"><span class='ocrx_word' id='word_1_163' title='bbox 171 2690 204 2752; x_wconf 92' lang='lat' dir='ltr'><strong>et</strong></span> <span class='ocrx_word' id='word_1_164' title='bbox 227 2703 285 2751; x_wconf 92' lang='lat' dir='ltr'><strong>sua</strong></span> <span class='ocrx_word' id='word_1_165' title='bbox 307 2703 418 2752; x_wconf 92' lang='lat' dir='ltr'><strong>amare</strong></span> <span class='ocrx_word' id='word_1_166' title='bbox 443 2682 583 2760; x_wconf 85' lang='lat' dir='ltr'><strong>soleant,</strong></span> <span class='ocrx_word' id='word_1_167' title='bbox 606 2687 642 2750; x_wconf 92' lang='grc'><strong>111</strong></span> <span class='ocrx_word' id='word_1_168' title='bbox 667 2703 742 2771; x_wconf 83' lang='lat' dir='ltr'><strong>quae</strong></span> <span class='ocrx_word' id='word_1_169' title='bbox 767 2684 899 2772; x_wconf 90' lang='lat' dir='ltr'><strong>proprio</strong></span> <span class='ocrx_word' id='word_1_170' title='bbox 927 2684 1036 2752; x_wconf 90' lang='lat' dir='ltr'><strong>labore</strong></span> <span class='ocrx_word' id='word_1_171' title='bbox 1057 2693 1263 2772; x_wconf 88' lang='lat' dir='ltr'><strong>pepererunt</strong></span> 
     </span>
     <span class='ocr_line' id='line_1_23' title="bbox 173 2794 1262 2891; baseline 0.004 -27"><span class='ocrx_word' id='word_1_172' title='bbox 173 2818 236 2865; x_wconf 94' lang='lat' dir='ltr'><strong>non</strong></span> <span class='ocrx_word' id='word_1_173' title='bbox 251 2797 394 2886; x_wconf 85' lang='lat' dir='ltr'><strong>gestiant</strong></span> <span class='ocrx_word' id='word_1_174' title='bbox 417 2795 449 2862; x_wconf 92' lang='lat' dir='ltr'><strong>in</strong></span> <span class='ocrx_word' id='word_1_175' title='bbox 475 2794 617 2863; x_wconf 90' lang='lat' dir='ltr'><strong>medium</strong></span> <span class='ocrx_word' id='word_1_176' title='bbox 636 2795 795 2864; x_wconf 88' lang='lat' dir='ltr'><strong>eonlerre.</strong></span> <span class='ocrx_word' id='word_1_177' title='bbox 813 2796 911 2864; x_wconf 91' lang='lat' dir='ltr'><strong>Pauoi</strong></span> <span class='ocrx_word' id='word_1_178' title='bbox 926 2797 1075 2891; x_wconf 89' lang='lat' dir='ltr'><strong>quidem,</strong></span> <span class='ocrx_word' id='word_1_179' title='bbox 1094 2798 1262 2870; x_wconf 84' lang='lat' dir='ltr'><strong>sinceram</strong></span> 
     </span>
     <span class='ocr_line' id='line_1_24' title="bbox 173 2907 1262 2999; baseline 0.005 -21"><span class='ocrx_word' id='word_1_180' title='bbox 173 2911 367 2999; x_wconf 89' lang='lat' dir='ltr'><strong>probitatem</strong></span> <span class='ocrx_word' id='word_1_181' title='bbox 405 2908 586 2997; x_wconf 90' lang='lat' dir='ltr'><strong>spirantes,</strong></span> <span class='ocrx_word' id='word_1_182' title='bbox 626 2927 720 2996; x_wconf 89' lang='lat' dir='ltr'><strong>aequa</strong></span> <span class='ocrx_word' id='word_1_183' title='bbox 754 2907 905 2977; x_wconf 91' lang='lat' dir='ltr'><strong>omnibus</strong></span> <span class='ocrx_word' id='word_1_184' title='bbox 925 2911 997 2998; x_wconf 78' lang='lat' dir='ltr'><strong>Jura</strong></span> <span class='ocrx_word' id='word_1_185' title='bbox 1022 2916 1055 2978; x_wconf 91' lang='lat' dir='ltr'><strong>et</strong></span> <span class='ocrx_word' id='word_1_186' title='bbox 1086 2915 1262 2983; x_wconf 89' lang='lat' dir='ltr'><strong>eommoda</strong></span> 
     </span>
     <span class='ocr_line' id='line_1_25' title="bbox 173 3014 1265 3109; baseline 0.004 -17"><span class='ocrx_word' id='word_1_187' title='bbox 173 3025 281 3092; x_wconf 83' lang='lat' dir='ltr'><strong>faeere</strong></span> <span class='ocrx_word' id='word_1_188' title='bbox 296 3042 360 3090; x_wconf 93' lang='lat' dir='ltr'><strong>non</strong></span> <span class='ocrx_word' id='word_1_189' title='bbox 384 3021 553 3101; x_wconf 89' lang='lat' dir='ltr'><strong>dubitant;</strong></span> <span class='ocrx_word' id='word_1_190' title='bbox 585 3025 719 3107; x_wconf 90' lang='lat' dir='ltr'><strong>sperant</strong></span> <span class='ocrx_word' id='word_1_191' title='bbox 742 3040 860 3109; x_wconf 93' lang='lat' dir='ltr'><strong>nempe</strong></span> <span class='ocrx_word' id='word_1_192' title='bbox 880 3021 955 3089; x_wconf 92' lang='lat' dir='ltr'><strong>aliis</strong></span> <span class='ocrx_word' id='word_1_193' title='bbox 980 3014 1129 3092; x_wconf 88' lang='lat' dir='ltr'><strong>eumdem</strong></span> <span class='ocrx_word' id='word_1_194' title='bbox 1159 3027 1265 3097; x_wconf 88' lang='lat' dir='ltr'><strong>animi</strong></span> 
     </span>
     <span class='ocr_line' id='line_1_26' title="bbox 175 3135 1266 3221; baseline 0.004 -15"><span class='ocrx_word' id='word_1_195' title='bbox 175 3137 350 3206; x_wconf 86' lang='lat' dir='ltr'><strong>eandorem</strong></span> <span class='ocrx_word' id='word_1_196' title='bbox 370 3135 496 3216; x_wconf 89' lang='lat' dir='ltr'><strong>inesse;</strong></span> <span class='ocrx_word' id='word_1_197' title='bbox 517 3154 578 3203; x_wconf 90' lang='lat' dir='ltr'><strong>nee</strong></span> <span class='ocrx_word' id='word_1_198' title='bbox 592 3135 624 3202; x_wconf 94' lang='lat' dir='ltr'><strong>in</strong></span> <span class='ocrx_word' id='word_1_199' title='bbox 637 3135 703 3221; x_wconf 86' lang='lat' dir='ltr'><strong>boo</strong></span> <span class='ocrx_word' id='word_1_200' title='bbox 717 3154 825 3202; x_wconf 91' lang='lat' dir='ltr'><strong>rerum</strong></span> <span class='ocrx_word' id='word_1_201' title='bbox 844 3136 1038 3203; x_wconf 89' lang='lat' dir='ltr'><strong>oommeroio</strong></span> <span class='ocrx_word' id='word_1_202' title='bbox 1066 3136 1168 3206; x_wconf 92' lang='lat' dir='ltr'><strong>ullum</strong></span> <span class='ocrx_word' id='word_1_203' title='bbox 1187 3160 1266 3210; x_wconf 89' lang='lat' dir='ltr'><strong>sese</strong></span> 
     </span>
    </p>
   </div>
   <div class='ocr_carea' id='block_1_6' title="bbox 174 3255 1334 3571">
    <p class='ocr_par' dir='ltr' id='par_1_6' title="bbox 174 3255 1334 3571">
     <span class='ocr_line' id='line_1_27' title="bbox 174 3255 1265 3347; baseline 0 -21"><span class='ocrx_word' id='word_1_204' title='bbox 174 3259 327 3326; x_wconf 90' lang='lat' dir='ltr'><strong>damnum</strong></span> <span class='ocrx_word' id='word_1_205' title='bbox 344 3259 544 3345; x_wconf 78' lang='lat' dir='ltr'><strong>jacturamve</strong></span> <span class='ocrx_word' id='word_1_206' title='bbox 571 3275 736 3344; x_wconf 87' lang='lat' dir='ltr'><strong>passuros.</strong></span> <span class='ocrx_word' id='word_1_207' title='bbox 766 3255 966 3342; x_wconf 90' lang='lat' dir='ltr'><strong>Pauperrimi</strong></span> <span class='ocrx_word' id='word_1_208' title='bbox 995 3275 1121 3344; x_wconf 88' lang='lat' dir='ltr'><strong>quoque</strong></span> <span class='ocrx_word' id='word_1_209' title='bbox 1140 3257 1265 3347; x_wconf 90' lang='lat' dir='ltr'><strong>quibus</strong></span> 
     </span>
     <span class='ocr_line' id='line_1_28' title="bbox 175 3362 1334 3457; baseline -0.001 -18"><span class='ocrx_word' id='word_1_210' title='bbox 175 3372 243 3439; x_wconf 85' lang='lat' dir='ltr'><strong>lere</strong></span> <span class='ocrx_word' id='word_1_211' title='bbox 257 3368 334 3437; x_wconf 93' lang='lat' dir='ltr'><strong>nibil</strong></span> <span class='ocrx_word' id='word_1_212' title='bbox 347 3374 414 3446; x_wconf 86' lang='lat' dir='ltr'><strong>est,</strong></span> <span class='ocrx_word' id='word_1_213' title='bbox 430 3374 533 3435; x_wconf 88' lang='lat' dir='ltr'><strong>toturn</strong></span> <span class='ocrx_word' id='word_1_214' title='bbox 549 3367 612 3436; x_wconf 88' lang='lat' dir='ltr'><strong>boo</strong></span> <span class='ocrx_word' id='word_1_215' title='bbox 624 3367 718 3446; x_wconf 91' lang='lat' dir='ltr'><strong>nibil,</strong></span> <span class='ocrx_word' id='word_1_216' title='bbox 736 3373 772 3436; x_wconf 91' lang='lat' dir='ltr'><strong>ut</strong></span> <span class='ocrx_word' id='word_1_217' title='bbox 786 3367 832 3435; x_wconf 89' lang='lat' dir='ltr'><strong>ait</strong></span> <span class='ocrx_word' id='word_1_218' title='bbox 841 3362 1023 3446; x_wconf 78' lang='lat' dir='ltr'><strong>luvenalis,</strong></span> <span class='ocrx_word' id='word_1_219' title='bbox 1039 3367 1180 3437; x_wconf 90' lang='lat' dir='ltr'><strong>libenter</strong></span> <span class='ocrx_word' id='word_1_220' title='bbox 1195 3370 1266 3438; x_wconf 93' lang='lat' dir='ltr'><strong>de-</strong></span> <span class='ocrx_word' id='word_1_221' title='bbox 1330 3451 1334 3457; x_wconf 15' lang='lat'><strong>⁴</strong></span> 
     </span>
     <span class='ocr_line' id='line_1_29' title="bbox 176 3478 1267 3571; baseline -0.001 -20"><span class='ocrx_word' id='word_1_222' title='bbox 176 3486 315 3571; x_wconf 88' lang='lat' dir='ltr'><strong>ponunt;</strong></span> <span class='ocrx_word' id='word_1_223' title='bbox 331 3485 365 3547; x_wconf 91' lang='lat' dir='ltr'><strong>at</strong></span> <span class='ocrx_word' id='word_1_224' title='bbox 374 3479 519 3568; x_wconf 88' lang='lat' dir='ltr'><strong>plerique</strong></span> <span class='ocrx_word' id='word_1_225' title='bbox 533 3480 769 3567; x_wconf 85' lang='lat' dir='ltr'><strong>exspeotabunt</strong></span> <span class='ocrx_word' id='word_1_226' title='bbox 783 3478 810 3546; x_wconf 93' lang='lat' dir='ltr'><strong>si</strong></span> <span class='ocrx_word' id='word_1_227' title='bbox 823 3480 906 3547; x_wconf 84' lang='lat' dir='ltr'><strong>forte</strong></span> <span class='ocrx_word' id='word_1_228' title='bbox 919 3480 1087 3547; x_wconf 81' lang='lat' dir='ltr'><strong>decretum</strong></span> <span class='ocrx_word' id='word_1_229' title='bbox 1100 3479 1186 3548; x_wconf 90' lang='lat' dir='ltr'><strong>istud</strong></span> <span class='ocrx_word' id='word_1_230' title='bbox 1202 3488 1267 3565; x_wconf 75' lang='lat' dir='ltr'><strong>,ut</strong></span> 
     </span>
    </p>
   </div>
   <div class='ocr_carea' id='block_1_7' title="bbox 178 3688 425 3711">
    <p class='ocr_par' dir='ltr' id='par_1_7' title="bbox 178 3688 425 3711">
     <span class='ocr_line' id='line_1_30' title="bbox 178 3688 425 3711; baseline -0.012 -3"><span class='ocrx_word' id='word_1_231' title='bbox 178 3688 425 3711; x_wconf 53' lang='grc' dir='ltr'><strong>ιιι--ι-ι--ι-ῐ</strong></span> 
     </span>
    </p>
   </div>
   <div class='ocr_carea' id='block_1_8' title="bbox 217 3839 759 3913">
    <p class='ocr_par' dir='ltr' id='par_1_8' title="bbox 217 3839 759 3913">
     <span class='ocr_line' id='line_1_31' title="bbox 217 3839 759 3913; baseline -0.004 -18"><span class='ocrx_word' id='word_1_232' title='bbox 217 3842 378 3911; x_wconf 71' lang='grc'>1111511111,</span> <span class='ocrx_word' id='word_1_233' title='bbox 395 3839 460 3896; x_wconf 83' lang='lat' dir='ltr'><strong>not.</strong></span> <span class='ocrx_word' id='word_1_234' title='bbox 483 3842 572 3905; x_wconf 67' lang='lat' dir='ltr'><strong>Cone,</strong></span> <span class='ocrx_word' id='word_1_235' title='bbox 590 3840 759 3913; x_wconf 58' lang='grc'>16511152.</span> 
     </span>
    </p>
   </div>
   <div class='ocr_carea' id='block_1_9' title="bbox 0 0 1367 4508">
    <p class='ocr_par' dir='ltr' id='par_1_9' title="bbox 0 0 1367 4508">
     <span class='ocr_line' id='line_1_32' title="bbox 0 0 1367 4508; baseline 0 0"><span class='ocrx_word' id='word_1_236' title='bbox 0 0 1367 4508; x_wconf 95' lang='lat' dir='ltr'><strong> </strong></span> 
     </span>
    </p>
   </div>
  </div>
 </body>
</html>
