2684 4508
619 235 645 244 ,Α
669 209 721 259 180
743 235 768 244 ..

154 401 302 488 quiiduue
316 400 383 467 reri
404 400 559 498 teruriuos
578 407 643 466 tam
668 399 779 487 procul
803 400 957 477 excedat,
989 408 1023 467 ut
1049 403 1155 490 iringis
1177 403 1238 472 sibi

139 535 261 584 rerum
285 515 508 603 llngeudarum
531 515 730 602 voluptatem
745 515 950 603 quaesivisse,
972 537 1069 604 quam
1082 516 1160 585 serii
1175 517 1241 585 ali·-

153 629 229 718 quid
245 612 454 717 proposuisse
467 627 626 695 rideatur.
645 633 754 716 lpsum
772 647 849 695 vero
865 628 953 695 nimii
971 649 1050 718 erga
1064 631 1240 718 optimates

154 740 250 809 studii
279 741 402 807 crimen
431 748 571 827 occupat
597 761 636 808 ac
662 740 801 817 relcllit,
834 760 898 808 nou
924 742 1080 828 gravibus
1108 743 1242 832 quidem

153 852 355 941 argumentis
376 872 469 928 usus,
488 853 545 922 sed
559 853 654 941 jocis,
669 860 702 920 et
717 853 825 921 nescio
840 874 903 942 qua
918 854 1101 923 insaniendi
1115 856 1238 944 specie,

153 986 225 1054 qrrae
246 967 460 1034 insectantem
477 973 565 1034 recta
580 967 631 1034 ria
646 967 808 1055 depellat,
827 974 861 1035 et
876 968 1072 1036 irascentem
1096 968 1239 1058 mitiget,

153 1089 187 1148 et
199 1101 316 1169 graves
326 1081 410 1148 ictus
422 1079 542 1149 inferre
553 1087 733 1149 tentantem
747 1080 868 1150 eludat.
881 1083 1111 1150 Pislhetaerum
1123 1102 1243 1170 nempe

153 1200 334 1286 interrogat
347 1201 459 1286 Upupa
474 1218 550 1265 num
562 1198 726 1267 civitatem
740 1203 868 1287 quaerat
881 1200 936 1269 uhi
950 1199 1160 1268 dominentur
1174 1219 1242 1288 op-

152 1312 295 1381 timates.
311 1316 353 1380 nt
369 1311 421 1379 ille
439 1337 445 1379 :
467 1340 481 1373 r
503 1312 589 1380 Sellii
605 1312 705 1381 lilium
727 1315 987 1400 (Aristocratem)
1004 1314 1100 1381 nimis
1113 1314 1182 1382 odi.
1197 1352 1244 1364 —

153 1431 255 1509 Quam
270 1426 367 1513 igitur
377 1425 434 1492 libi
452 1425 564 1515 urbem
578 1425 787 1497 habitandam
802 1427 927 1515 deligas
937 1431 1087 1495 t-Eam
1100 1428 1238 1505 scilicet,

154 1539 186 1605 in
200 1559 262 1626 qua
286 1538 364 1604 uilril
381 1537 546 1626 agendum
572 1537 632 1616 sit,
660 1538 720 1606 nisi
741 1546 776 1607 ul
790 1541 1002 1619 offerentibus
1025 1560 1099 1607 sese
1122 1542 1243 1609 convi-

155 1653 214 1720 viis·
229 1673 267 1719 ac
283 1651 501 1739 voluptatibus
515 1651 658 1739 quotidie
677 1651 935 1742 indulgeamus&
957 1681 970 1715 »
1025 1650 1033 1668 '

199 1792 323 1874 Quibus
342 1791 473 1881 quidem
495 1791 568 1859 telis
585 1792 705 1880 petitos
726 1793 823 1861 toties
850 1798 946 1861 antea
970 1792 1180 1881 plebicolas,
1208 1801 1244 1864 et

155 1905 327 1983 delatores,
345 1913 377 1973 et
404 1925 575 1992 perversos
601 1904 840 1983 adolescentes,
867 1913 901 1974 et
923 1905 1098 1994 sophistas,
1121 1907 1154 1974 in
1179 1907 1244 1976 hac

157 2039 237 2087 nova
253 2017 413 2085 comoedia
429 2017 598 2084 conllxerit
613 2016 858 2104 Aristophanes
880 2038 944 2086 non
968 2018 1066 2107 longo
1088 2039 1243 2090 sermone

155 2150 352 2220 prosequar3
375 2151 436 2198 uec
449 2129 611 2218 quomodo
627 2129 786 2218 propositi
803 2131 1031 2200 tenacissimus
1057 2135 1239 2213 manserit,

156 2245 345 2334 popularem
363 2265 471 2312 rerum
487 2249 606 2313 statum
627 2264 692 2312 uon
712 2249 859 2312 evertere
873 2243 1003 2332 quidem
1021 2251 1165 2324 tentans,
1184 2247 1244 2316 sed

156 2361 227 2449 ejus
243 2358 319 2428 vitia
340 2366 409 2427 tam
424 2357 538 2426 viridis
562 2359 724 2429 coloribus
747 2358 955 2435 describens,
984 2364 1019 2426 ut
1045 2361 1203 2447 populum
1226 2384 1246 2430 a

152 2474 225 2561 jure
239 2471 377 2540 dicendo
387 2470 592 2560 decretisque
605 2470 815 2538 conficiendis
828 2470 982 2559 paulatim
995 2471 1192 2557 deterreret3
1210 2475 1245 2542 in

157 2585 208 2654 his
222 2585 308 2653 enim
323 2585 350 2651 si
370 2582 509 2672 populus
523 2582 648 2651 comico
664 2582 819 2651 voluisset
830 2584 988 2673 obsequi,
1009 2585 1173 2673 primariis
1188 2589 1245 2656 ci-

156 2698 250 2766 vibus
264 2717 390 2765 summa
405 2717 513 2765 rerum
526 2698 647 2764 sensim
662 2696 835 2765 commissa
849 2696 973 2765 luisset.
990 2699 1149 2779 Quoniam
1164 2720 1244 2769 vero

156 2813 231 2881 lraec
244 2811 352 2880 omnia
362 2813 430 2901 jam
444 2810 622 2900 attigimus,
635 2808 728 2892 ¹aliud
743 2809 908 2899 quiddam,
923 2810 1009 2899 quod
1027 2832 1091 2879 nnn
1106 2814 1244 2882 attentis

156 2927 263 2995 adhuc
301 2924 402 2994 oculis
439 2924 658 3013 inspeximus,
695 2923 789 2992 nubis
825 2924 932 3012 potius
970 2925 1244 3027 perpendendum

157 3038 310 3108 occurrit.

199 3165 403 3238 Meminimus
419 3185 535 3253 nempe
547 3170 666 3253 quanta
683 3164 728 3232 ira
744 3165 879 3234 inleslos
891 3168 992 3234 veteri
1007 3172 1148 3238 Deorum
1165 3173 1242 3241 cul-

156 3281 202 3350 tui
216 3279 379 3368 sophistas
392 3263 569 3347 insectatus
584 3278 636 3346 sit.
655 3279 733 3358 Quis
747 3298 827 3367 ergo
838 3299 901 3347 non
917 3281 1029 3348 credat
1041 3280 1242 3373 Aristopha-

157 3412 232 3462 nem
251 3390 322 3480 pios
338 3410 468 3479 semper
492 3391 633 3463 honores
656 3390 724 3459 Diis
748 3392 983 3468 immortalibus
1010 3395 1154 3476 solvere,
1179 3419 1243 3467 nec

157 3505 331 3595 quidquam
347 3504 380 3571 in
402 3523 458 3573 eos
473 3504 593 3572 audere
613 3505 761 3572 licentius
774 3511 789 3573 ‘l
803 3509 844 3573 At
867 3527 962 3574 nemo
978 3509 1085 3577 lorsan
1103 3510 1241 3579 liberio-

192 3876 202 3919 Ι
222 3871 358 3942 Λι·ἰεῑορΙιυ
375 3873 435 3937 Αυ.,
452 3887 475 3926 ν.
494 3868 624 3928 rat-raa.
718 3907 720 3910 -
