2684 4508
590 213 745 269 -133-

128 415 195 485 est,
223 430 281 497 per
295 427 391 498 quem
408 408 505 476 resin
521 409 642 496 optimo
658 414 743 477 statu
759 417 907 486 monent,
925 431 985 478 nee
999 413 1209 482 mutationem

128 526 273 595 instituto
291 525 488 613 patiurrtur¹.
510 551 523 584 t

173 668 227 736 hie
247 672 354 734 sutem
388 665 530 733 Theseus
554 666 726 754 imperium
747 666 872 734 obtinet
895 668 993 736 oretis
1019 667 1063 736 its
1092 666 1211 737 tinibus

129 780 311 858 inolusum,
343 783 378 846 ut
395 778 517 864 ubsque
532 777 641 867 popuii
653 798 815 847 consensu
838 778 882 846 nii
903 778 1080 850 decernere
1093 780 1208 871 possit.

128 892 220 974 Quod
251 891 382 980 quidem
408 891 477 979 ipse
504 890 629 973 uoluit;
675 891 743 978 ipse
775 891 1003 981 suffragiorum
1029 893 1210 963 iihertutem

129 1004 411 1093 aequalitatemque
436 1002 592 1081 instituit,
618 1007 651 1070 et
678 1002 764 1091 quod
780 1002 890 1071 liberis
909 1005 1105 1095 paribusque
1128 1006 1213 1074 inter

128 1141 165 1188 se
191 1120 316 1189 oivihus
340 1120 478 1208 imperat
503 1120 672 1209 glorietur.
702 1119 863 1210 Quidquid
892 1141 947 1189 rex
971 1123 1060 1211 eupit
1086 1124 1212 1193 confir-

129 1254 219 1303 mare
234 1233 367 1302 festinet
388 1234 546 1322 populus3
564 1254 624 1303 rex
637 1239 747 1302 tumen
769 1235 878 1303 omnia
895 1242 1072 1306 oonvoosto
1092 1238 1212 1325 populo

129 1346 324 1435 proponit².'
340 1346 448 1442 Talem
478 1347 545 1416 fere
570 1347 869 1416 nohisPlutorohus
896 1347 1019 1417 Theseu
1045 1348 1209 1439 depingit,

129 1468 163 1530 et
187 1461 398 1551 popularibus
413 1460 474 1530 illis
500 1460 642 1530 oonsiiiis
664 1466 812 1530 utentem
825 1466 861 1530 ut
886 1462 1078 1550 optimatum
1100 1463 1213 1533 domi·

130 1574 293 1644 notionem
320 1573 480 1643 ovortut³.
507 1579 597 1642 Hune
625 1573 739 1643 Thesei
765 1561 924 1645 rationem
946 1575 1118 1666 Euripides
1140 1596 1213 1666 pro·

129 1688 205 1770 hut;
224 1686 417 1777 hujusmodi.
433 1688 569 1776 imperio
582 1693 797 1776 temperatam
813 1686 922 1756 trudet
943 1688 1117 1758 eivitutem.
1144 1693 1213 1758 Rex

128 1791 228 1891 igituir
242 1801 285 1869 ihi
300 1801 427 1890 pleeeut
440 1821 536 1889 pares
546 1801 620 1888 iure
637 1800 724 1868 viros
745 1801 777 1868 iu
790 1800 860 1869 soro
875 1801 1059 1880 consulens,
1072 1802 1130 1871 sed
1146 1820 1212 1870 me·

128 1915 231 1983 dioeri
246 1912 351 1982 ordini
369 1913 516 1992 innixus,
544 1934 627 2003 quos
649 1932 710 1981 neo
735 1912 855 1981 invidio
877 1933 938 1982 nee
960 1914 1118 2002 speciosae
1141 1934 1212 1983 oru-

128 2035 236 2095 torum
251 2027 423 2096 oniumniae
436 2032 639 2096 transversos
654 2026 798 2116 rapiunt,
822 2048 903 2116 quos
918 2028 987 2116 ipso
1010 2028 1211 2097 fortunarum

130 2140 337 2210 mediocritas
352 2141 516 2211 modestos
533 2147 565 2221 et
580 2145 767 2210 constantes
779 2142 897 2219 efficit,
916 2161 980 2210 nou
1002 2141 1134 2209 mollitia
1146 2141 1212 2210 de-

132 2255 252 2323 lioiisve
276 2256 413 2334 iruotos,
445 2276 510 2323 non
531 2275 664 2344 prorsus
681 2255 822 2324 intentos
847 2255 948 2324 luero.
978 2259 1091 2323 Nonne
1116 2275 1233 2323 eam-¹

130 2365 206 2434 dem
227 2365 296 2433 iere
323 2365 510 2454 reipubtioae
528 2367 665 2437 formum
690 2372 799 2436 nostre
814 2366 914 2436 Gallia
935 2366 1069 2456 triginta
1092 2366 1213 2436 abhinc

130 2481 224 2548 annis
238 2480 387 2569 optavit?
407 2482 444 2550 ld
469 2487 576 2550 tamen
597 2481 680 2549 iuter
695 2479 829 2577 Gellium
849 2500 868 2548 u
887 2479 1048 2551 Ludovioo
1063 2479 1211 2570 Philippo

130 2591 411 2671 administratam,
441 2598 474 2659 et
497 2593 655 2662 Theseum
683 2592 770 2660 ilium
794 2593 845 2661 vel
870 2593 979 2681 potius
1005 2593 1212 2682 Euripideum

130 2706 295 2775 eivitstem
311 2692 474 2785 interest,
501 2706 587 2795 quod
615 2706 659 2774 ibi
685 2706 831 2797 suffragii
852 2708 926 2795 jure
956 2728 1020 2776 nou
1051 2726 1213 2797 pauperes

131 2818 357 2887 exeluduntur.
376 2823 528 2888 Fortasse
556 2819 660 2908 magis
680 2818 926 2888 convenientem
951 2820 1113 2910 Euripidis
1129 2820 1213 2889 votis

131 2930 366 3019 rempuhiioom
388 2930 528 2999 Pericles
542 2929 705 3008 ostendit,
728 2929 797 3018 qui,
818 2930 878 2999 etsi
901 2931 1020 3019 populo
1034 2931 1067 2999 iu
1087 2930 1213 3000 ooneio·

132 3044 228 3113 nibus
242 3050 274 3112 et
284 3043 414 3134 judiciis
441 3050 473 3113 et
486 3045 614 3113 theatro
634 3042 805 3133 peeunium
822 3064 861 3111 ex
887 3045 1003 3113 aerurio
1026 3044 1210 3123 distribuit,

131 3156 290 3226 modestis
308 3162 418 3226 tumen
439 3178 513 3225 eum
535 3176 664 3246 semper
678 3162 711 3224 et
736 3176 853 3245 magno
870 3157 1029 3246 gravitate
1056 3156 1211 3226 uoerouit.

131 3273 202 3340 Non
218 3271 372 3340 miremur
385 3292 465 3360 ergo
480 3271 506 3340 si
521 3271 709 3361 Euripides,
727 3253 954 3361 in'rrippotyto
962 3269 985 3350 ⁴,
1001 3270 1116 3341 eodem
1135 3289 1214 3339 eur-

132 3382 220 3450 mine
247 3383 361 3452 Thesei
390 3383 489 3452 tilium
511 3390 544 3451 et
562 3383 718 3451 Perioiem
748 3402 863 3452 reeens
890 3389 1052 3453 mortuum
1081 3383 1211 3460 luxerit,

106 3836 107 3840 ,
169 3798 178 3838 ⁴
201 3795 327 3867 Euripid„
344 3795 449 3869 suppl..
467 3815 494 3853 v.
509 3797 640 3855 uus-⁴246.
656 3812 684 3834 =
701 3801 721 3863 2,
732 3800 779 3862 id..
811 3799 884 3866 ibid,
901 3818 925 3855 u.
941 3800 1005 3857 350.
1020 3829 1048 3853 =
1068 3804 1081 3845 ὅ
1100 3801 1174 3858 ΡΙυῑ.’
1191 3799 1215 3856 in

138 3885 222 3951 Thes,
239 3904 261 3941 o.
277 3886 311 3939 ut
331 3893 357 3940 et
370 3886 414 3942 Th.
429 3903 456 3925 =
474 3891 484 3917 ⁴
504 3888 600 3953 Sohuh,
614 3887 707 3961 Enrip.
724 3889 758 3944 od
771 3889 887 3963 Hippot..
904 3907 928 3948 v.
945 3889 1108 3949 lumi-thou.
