2684 4508
549 171 691 225 -ro-

80 365 221 434 hominis
250 386 405 455 responso
432 367 697 455 perturbaretur;
727 369 833 437 varios
859 369 1105 456 argumentandi
1129 375 1162 436 ut

79 478 294 546 ratiocinandi
317 477 430 547 modos
451 497 665 567 pernoscere,
689 480 806 568 quibus
828 481 987 549 levissime
1014 501 1163 570 peccan-

77 598 167 670 tem,
197 591 248 660 vel
274 592 372 661 etiam
398 592 527 661 innoxia
558 599 710 681 agentem
731 594 859 673 virum,
888 596 1029 664 immane
1056 597 1162 665 scelus

78 706 259 775 machinari
280 705 529 775 demonstraret.

124 842 192 908 Nec
216 839 351 928 praemia
377 839 513 907 deerant
539 859 614 928 quae
652 839 692 906 ad
728 840 923 909 delationem
952 841 1160 911 factitandum
1258 857 1262 866 ·

77 956 222 1019 astutum
237 949 457 1039 audacemque
479 949 582 1018 civem
603 951 786 1021 incitarent.
805 953 836 1021 Si
851 952 923 1041 quis
937 952 1024 1020 enim
1041 954 1160 1042 populo

78 1070 288 1153 persuaserat
303 1064 412 1153 legum
427 1084 462 1132 se
478 1064 640 1132 vindicem
653 1085 748 1143 esse,
778 1075 811 1133 et
830 1067 994 1155 popularis
1008 1067 1162 1154 potentiae

79 1178 262 1255 custodem,
287 1184 319 1247 et
346 1197 482 1266 regnum
501 1178 728 1248 affectantibus
757 1179 929 1256 infestum,
954 1178 1039 1247 illius
1059 1180 1099 1248 ad
1125 1199 1161 1248 se

78 1289 193 1357 oculos
208 1290 396 1379 animosque
417 1311 456 1358 ac
481 1290 635 1378 suffragia
662 1292 894 1373 convertebat;
916 1293 1103 1383 primusque
1119 1294 1160 1362 ad

78 1402 316 1492 capessendam
344 1403 578 1492 rempublicam
603 1401 725 1491 gradus
752 1423 843 1493 saepe
873 1405 933 1473 luit
960 1404 1049 1476 litem
1075 1406 1161 1476 haud

78 1519 283 1605 improspere
298 1516 392 1585 alicui
411 1516 600 1584 intendisse.
623 1517 676 1585 Sic
690 1518 777 1585 enim
792 1519 952 1588 llrmatam
966 1519 1162 1610 jampridem

78 1631 219 1700 oratoris
233 1631 372 1719 gratiam
390 1630 439 1697 vir
452 1629 560 1699 adhuc
585 1630 716 1719 ignotus
738 1631 975 1714 labefactabat3
1005 1637 1039 1701 et
1061 1653 1159 1722 quum

78 1743 335 1832 Aristophaneus
362 1743 415 1811 illc
453 1743 611 1812 isiciarius
639 1745 790 1813 Cleonem
829 1744 957 1834 fastigio
985 1745 1160 1815 deturbare

77 1853 291 1944 aggreditur,
316 1854 348 1922 id
370 1855 509 1944 primum
524 1855 553 1922 ei
567 1856 717 1934 minatur,
735 1875 770 1922 se
783 1855 867 1924 furta
881 1861 950 1944 ejus
962 1857 1048 1946 apud
1067 1858 1160 1947 judi-

76 1989 135 2038 cos
148 1968 343 2058 populumve
358 1968 560 2037 detecturum
571 1969 591 2034 ¹.
616 1972 729 2037 Nonne
752 1970 821 2058 ipse
835 1969 1088 2050 Themistocles,
1104 1971 1161 2039 in-

77 2090 131 2151 ter
155 2083 297 2175 aequales
316 2103 434 2172 pueros
459 2084 492 2150 in
516 2082 626 2150 schola
654 2088 824 2162 versatus,
858 2084 1022 2152 orationes
1045 2084 1162 2173 quibus

78 2196 209 2266 sodales
228 2209 392 2266 accusaret
405 2196 634 2266 defenderetve
653 2197 801 2265 meditari
816 2204 1051 2266 assueveratl‘l
1107 2209 1109 2214 ’

124 2331 196 2398 Jam
224 2327 320 2398 lamae
336 2334 369 2396 et
387 2328 564 2397 honoribus
588 2326 771 2396 accusando
799 2328 900 2416 partis
927 2328 1051 2395 lucrum
1069 2348 1161 2416 saepe

78 2440 304 2530 adjiciebatur.
320 2440 353 2509 Si
375 2440 446 2528 quis
461 2439 546 2507 enim
561 2439 593 2507 in
608 2438 855 2528 magistratuum
870 2439 1053 2528 ducumque
1067 2440 1162 2508 ratio-

79 2556 177 2625 nibus
199 2553 411 2624 discutiendis
431 2574 546 2642 aspera
570 2553 708 2644 quadam
730 2555 909 2642 sagacitate
938 2553 1100 2642 insignem
1127 2573 1162 2622 se

78 2671 279 2761 praebuerat,
300 2674 332 2737 et
350 2674 386 2737 ut
404 2667 538 2736 ridiculo
552 2667 777 2756 Aristophanis
792 2668 890 2736 verbo
908 2672 1047 2744 utamur,
1065 2666 1162 2736 bonae

80 2787 224 2855 lucernae
245 2783 357 2861 instar,
374 2780 585 2849 circumfusas
599 2781 669 2848 istis
686 2781 784 2849 rebus
804 2780 956 2849 tenebras
969 2779 1072 2868 probe
1090 2780 1163 2848 dis-

79 2899 247 2990 putenm,
267 2895 435 2965 interillos
454 2894 561 2965 aerarii
584 2877 738 2983 patronos
753 2914 792 2962 ac
806 2893 994 2990 defensores
1012 2893 1163 2982 eligeba-
1200 2904 1202 2909 '

80 3024 145 3097 tur,
167 3036 249 3106 quos
273 3007 461 3103 συνηγόρων
488 3013 618 3081 nomine
644 3017 799 3091 vocatos,
826 3009 979 3100 quamdiu
997 3010 1162 3099 publicum

80 3137 159 3206 illud
175 3157 292 3206 munus
303 3135 483 3224 implebant
499 3186 507 3213 ,
525 3131 711 3222 quotidiana
726 3130 881 3200 drachma
894 3129 1043 3220 populus,
1066 3135 1099 3197 et
1115 3130 1162 3216 (si

81 3252 206 3320 mmico
219 3250 426 3336 credimus)⁴
445 3249 544 3317 multa
564 3246 701 3337 pecunia
724 3245 785 3334 ipsi
804 3245 850 3313 rei
871 3244 1049 3313 donabant.

126 3396 208 3462 Num
237 3389 409 3480 cujuslibet
438 3388 568 3477 generis
594 3386 792 3463 delationes,
823 3381 972 3453 simodo
999 3382 1163 3472 judicibus

89 3605 213 3614 .----...-
244 3606 247 3609 .
267 3605 270 3609 ,
290 3602 324 3610 ...ι

66 3737 72 3757 ’
117 3767 125 3807 r
147 3763 326 3833 aestuant,
352 3761 440 3834 nquit.
455 3805 460 3826 ‚
478 3777 500 3814 v.
519 3758 639 3814 rao-rao
669 3776 697 3797 =
722 3759 731 3791 ²
752 3759 830 3824 nnc,
847 3758 871 3813 n
890 3757 1020 3821 artemio,
1037 3776 1059 3812 u.
1076 3756 1102 3812 a.
1126 3780 1160 3806 =

79 3849 92 3889 ³
112 3850 249 3921 hristoplr.‚
266 3849 341 3915 delo,
359 3866 382 3904 v.
401 3849 463 3904 5³38.
480 3863 507 3884 =
532 3849 541 3875 ⁴
565 3847 612 3910 ld.,
634 3845 718 3917 ch„
734 3864 757 3902 v.
774 3849 824 3905 691
842 3854 867 3900 rt
880 3863 934 3916 sqq.
