2684 4508
592 139 743 189 -iitt-

124 350 223 397 ausus
236 336 288 397 cst
296 330 418 418 optima
436 330 569 398 consilia
582 332 702 399 certius
716 333 846 401 vincere
856 353 965 420 posse,
983 333 1011 400 si
1034 354 1112 422 pars
1140 333 1202 400 im-

124 445 226 532 perita
257 445 396 513 civitatis
421 466 440 512 a
469 445 567 512 rebus
592 445 731 533 publicis
758 452 935 513 arceretur.
975 448 1082 528 Quum
1118 447 1201 515 varia

124 557 314 645 reipublicae
328 578 451 647 genera
464 564 634 625 enumerat
647 578 686 625 ac
699 557 879 646 distinguit,
899 578 966 626 nou
978 558 1153 626 committit
1171 565 1203 626 nt

123 669 321 756 optimorum
335 668 589 737 dominationem
600 668 750 737 eamdam
763 690 836 737 esse
849 689 947 758 qnam
971 669 1128 738 ditiorum
1141 691 1202 759 po-

124 791 258 858 tentiam
270 789 434 871 declaret;
450 810 511 858 uec
527 797 697 879 utramque
710 811 774 857 nno
790 782 1056 878 ἀριστοκρατείας
1080 790 1203 859 nomine

123 904 268 971 decorat.
296 909 458 973 Bonorum
481 905 567 973 enim
589 905 732 972 virorum
759 904 936 972 dominatio
963 902 1202 999 ἀριστοκρατεῖα

124 1027 165 1096 ab
192 1049 230 1096 co
258 1035 403 1109 vocatur,
431 1030 585 1098 ditiorum
607 1035 716 1098 antem
738 1024 994 1118 πλουτοκρατειά
1010 1043 1033 1101 ·.
1055 1037 1104 1102 lta
1129 1034 1201 1121 ergo

124 1141 287 1231 significat
311 1144 479 1213 hominum
503 1145 639 1213 virtutes
666 1152 700 1213 et
727 1147 857 1236 ingenia
894 1170 959 1218 non
989 1170 1092 1218 censu
1121 1156 1203 1217 recte

125 1259 292 1327 aestimari.

171 1399 230 1468 Hic
241 1421 318 1469 vero
331 1421 451 1490 magna
464 1401 638 1479 difficultas
650 1401 804 1471 exoritur.
822 1407 892 1485 Quo
904 1407 993 1475 enim
1004 1406 1127 1474 indicio
1138 1425 1204 1493 pro

125 1512 187 1581 bos
198 1513 286 1581 viros
298 1533 525 1602 agnoscemus,
540 1536 639 1605 quum
653 1535 692 1583 eo
705 1517 835 1585 nomino
845 1538 918 1586 sese
928 1519 1203 1608 quisqnedignum

128 1623 316 1712 praedicet‘i
339 1629 490 1696 Socrates
504 1626 576 1696 iilos
591 1628 696 1697 bonos
710 1648 784 1696 osse
795 1629 941 1701 declarat
952 1653 993 1701 ac
1006 1635 1124 1721 justos
1156 1631 1204 1721 qui

129 1749 454 1838 legesobscrvcnffl:
485 1779 500 1813 ‹
526 1746 609 1840 <papir
626 1743 710 1831 ἐγὼ,
739 1753 854 1843 inquit,
887 1746 926 1817 τὸ
945 1745 1075 1842 νόμιμον
1092 1746 1205 1818 δίκαιον

129 1867 215 1940 εἶναι.
239 1899 252 1932 i
274 1869 357 1949 Quid
374 1876 485 1940 autem
503 1871 677 1943 hooverbo
693 1873 882 1963 significat?
906 1874 1073 1941 Atticasno
1097 1874 1206 1962 leges?

131 2000 217 2079 Quas
229 1995 359 2086 quidem
373 1995 548 2063 observare
559 1996 627 2082 jam
642 1997 818 2064 maximum
832 1997 875 2063 sit
890 2001 924 2064 ot
937 1995 1061 2064 civitati
1073 1995 1207 2064 utilissi-

131 2130 230 2177 mum.
247 2110 288 2177 At
300 2108 470 2177 servandae
496 2107 685 2195 reipublicae
703 2108 777 2177 haec
806 2109 915 2196 legum
939 2109 1121 2176 reverentia
1148 2127 1207 2175 non

132 2222 269 2303 sufficit3
285 2225 361 2288 sunt
372 2220 459 2287 enim
472 2219 527 2308 qni
542 2219 621 2286 nihii
634 2220 790 2289 adversus
805 2221 895 2309 leges
908 2220 1027 2309 populo
1040 2220 1205 2296 suadeant,

132 2343 165 2403 ct
178 2333 475 2423 imprudentissima
488 2340 597 2401 tamen
621 2335 759 2401 afferant
791 2335 936 2403 consilia.
972 2335 1065 2404 Nulla
1089 2335 1208 2402 scilicet

132 2450 206 2539 lege
219 2449 347 2518 funesta
367 2447 523 2546 adversus
548 2447 690 2514 Siciliam
716 2447 879 2535 expeditio
897 2449 1081 2517 velabatur.
1113 2447 1210 2518 Prae-

132 2574 234 2645 terea,
250 2573 285 2633 ut
299 2566 344 2633 ait
356 2564 499 2632 Socratis
512 2563 728 2643 adversarius,
744 2585 834 2654 saepe
846 2567 888 2634 ab
901 2566 980 2654 ipsis
993 2565 1211 2634 conditoribus

86 2675 90 2679 ’
135 2682 224 2771 leges
250 2683 471 2748 immutantur.
500 2685 587 2762 Quas
605 2681 736 2770 quidem
762 2683 958 2751 mutationes
981 2683 1067 2752 bello
1094 2682 1211 2752 similes

134 2816 206 2866 esse
239 2800 349 2863 noster
373 2795 571 2883 respondet;
600 2801 634 2864 et
658 2802 694 2864 nt
716 2816 805 2864 arma
829 2797 1068 2885 quamprimum
1094 2795 1212 2885 deponi

134 2909 315 3004 conueniat,
333 2908 377 2976 ita
391 2907 433 2975 ad
447 2908 609 2996 placidum
625 2909 868 2998 legitimumque
885 2910 1076 2998 reipublicae
1094 2916 1212 2979 statum

133 3044 230 3113 quam
243 3022 411 3091 celerrimo
424 3021 624 3090 redeundum
635 3041 707 3090 esse
732 3028 791 3090 :at
811 3023 844 3090 in
865 3043 928 3111 qno
942 3022 1047 3110 posita
1062 3022 1105 3090 sit
1125 3024 1213 3112 leges

135 3136 295 3205 condendi
312 3155 437 3204 summa
460 3135 634 3202 auctoritas
654 3155 716 3203 non
740 3142 852 3224 aperte
876 3133 1001 3203 definit.
1029 3139 1212 3224 Lycurgum

137 3413 378 3424 ..α-

171 3633 178 3672 ¹
201 3633 325 3702 Xenoptr„
342 3631 491 3698 riemann,
509 3632 537 3688 L.
554 3633 835 3705 lt'‚c.d(sub1ine.)
856 3665 883 3685 =
901 3634 912 3664 ²
931 3634 979 3698 ld,
1018 3635 1099 3699 ibid,
1122 3637 1150 3690 L.
1171 3637 1210 3700 lt,

133 3740 156 3777 c.
174 3725 190 3776 t
205 3722 349 3794 (Quidquid
363 3722 393 3776 de
412 3721 537 3777 Socratico
552 3723 636 3794 legum
658 3723 870 3777 observandarum
886 3723 969 3778 studio
984 3724 1023 3778 tric
1036 3725 1169 3780 referimus
1182 3744 1211 3778 cx

134 3811 262 3880 troclongo
275 3810 385 3866 Socratis
400 3827 457 3865 cnm
473 3811 558 3881 Hippia
571 3811 693 3881 colloquio
708 3818 852 3880 excerptum
867 3811 932 3881 est).
