<?xml version="1.0" encoding="UTF-8"?>
<!DOCTYPE html PUBLIC "-//W3C//DTD XHTML 1.0 Transitional//EN"
    "http://www.w3.org/TR/xhtml1/DTD/xhtml1-transitional.dtd">
<html xmlns="http://www.w3.org/1999/xhtml" xml:lang="en" lang="en">
 <head>
  <title>
</title>
<meta http-equiv="Content-Type" content="text/html;charset=utf-8" />
  <meta name='ocr-system' content='tesseract 3.04.00' />
  <meta name='ocr-capabilities' content='ocr_page ocr_carea ocr_par ocr_line ocrx_word'/>
</head>
<body>
  <div class='ocr_page' id='page_1' title='image "./quaeinatticarep00trgoog_0151.png"; bbox 0 0 2684 4508; ppageno 0'>
   <div class='ocr_carea' id='block_1_1' title="bbox 585 243 744 295">
    <p class='ocr_par' dir='ltr' id='par_1_1' title="bbox 585 243 744 295">
     <span class='ocr_line' id='line_1_1' title="bbox 585 243 744 295; baseline -0.006 0"><span class='ocrx_word' id='word_1_1' title='bbox 585 243 744 295; x_wconf 71' lang='lat' dir='ltr'>-tssn-</span> 
     </span>
    </p>
   </div>
   <div class='ocr_carea' id='block_1_2' title="bbox 124 437 1208 1070">
    <p class='ocr_par' dir='ltr' id='par_1_2' title="bbox 124 437 1208 1070">
     <span class='ocr_line' id='line_1_2' title="bbox 126 437 1205 526; baseline -0.001 -21"><span class='ocrx_word' id='word_1_2' title='bbox 126 438 151 505; x_wconf 89' lang='lat' dir='ltr'>si</span> <span class='ocrx_word' id='word_1_3' title='bbox 162 438 349 526; x_wconf 87' lang='lat' dir='ltr'>Euripidem</span> <span class='ocrx_word' id='word_1_4' title='bbox 364 460 427 505; x_wconf 93' lang='lat' dir='ltr'>non</span> <span class='ocrx_word' id='word_1_5' title='bbox 453 440 568 526; x_wconf 86' lang='lat' dir='ltr'>injusto</span> <span class='ocrx_word' id='word_1_6' title='bbox 595 438 750 505; x_wconf 86' lang='lat' dir='ltr'>damnare</span> <span class='ocrx_word' id='word_1_7' title='bbox 767 437 860 515; x_wconf 90' lang='lat' dir='ltr'>vclis,</span> <span class='ocrx_word' id='word_1_8' title='bbox 879 438 1000 525; x_wconf 81' lang='lat' dir='ltr'>reliqua</span> <span class='ocrx_word' id='word_1_9' title='bbox 1020 438 1120 504; x_wconf 89' lang='lat' dir='ltr'>etiam</span> <span class='ocrx_word' id='word_1_10' title='bbox 1143 458 1205 504; x_wconf 93' lang='lat' dir='ltr'>non</span> 
     </span>
     <span class='ocr_line' id='line_1_3' title="bbox 124 549 1207 638; baseline -0.004 -19"><span class='ocrx_word' id='word_1_11' title='bbox 124 551 270 619; x_wconf 88' lang='lat' dir='ltr'>oblivisci</span> <span class='ocrx_word' id='word_1_12' title='bbox 284 550 389 626; x_wconf 87' lang='lat' dir='ltr'>decet,</span> <span class='ocrx_word' id='word_1_13' title='bbox 406 550 522 638; x_wconf 77' lang='lat' dir='ltr'>quibus</span> <span class='ocrx_word' id='word_1_14' title='bbox 536 549 619 617; x_wconf 81' lang='lat' dir='ltr'>lianc</span> <span class='ocrx_word' id='word_1_15' title='bbox 638 549 742 637; x_wconf 81' lang='lat' dir='ltr'>ipsam</span> <span class='ocrx_word' id='word_1_16' title='bbox 756 550 909 618; x_wconf 89' lang='lat' dir='ltr'>invidiam</span> <span class='ocrx_word' id='word_1_17' title='bbox 922 556 955 616; x_wconf 93' lang='lat' dir='ltr'>et</span> <span class='ocrx_word' id='word_1_18' title='bbox 969 568 1089 637; x_wconf 89' lang='lat' dir='ltr'>pravos</span> <span class='ocrx_word' id='word_1_19' title='bbox 1104 549 1207 637; x_wconf 90' lang='lat' dir='ltr'>plebis</span> 
     </span>
     <span class='ocr_line' id='line_1_4' title="bbox 125 663 1206 752; baseline -0.002 -22"><span class='ocrx_word' id='word_1_20' title='bbox 125 663 309 733; x_wconf 76' lang='lat' dir='ltr'><strong>adulatores</strong></span> <span class='ocrx_word' id='word_1_21' title='bbox 323 670 389 732; x_wconf 90' lang='lat' dir='ltr'>tam</span> <span class='ocrx_word' id='word_1_22' title='bbox 413 665 555 752; x_wconf 85' lang='lat' dir='ltr'>graviter</span> <span class='ocrx_word' id='word_1_23' title='bbox 572 664 753 751; x_wconf 75' lang='lat' dir='ltr'>castigavit.</span> <span class='ocrx_word' id='word_1_24' title='bbox 771 663 863 744; x_wconf 85' lang='lat' dir='ltr'>Quod</span> <span class='ocrx_word' id='word_1_25' title='bbox 880 684 957 731; x_wconf 73' lang='lat' dir='ltr'>uero</span> <span class='ocrx_word' id='word_1_26' title='bbox 973 663 1004 730; x_wconf 93' lang='lat' dir='ltr'>in</span> <span class='ocrx_word' id='word_1_27' title='bbox 1020 663 1206 730; x_wconf 82' lang='lat' dir='ltr'>universum</span> 
     </span>
     <span class='ocr_line' id='line_1_5' title="bbox 125 774 1207 865; baseline 0 -23"><span class='ocrx_word' id='word_1_28' title='bbox 125 777 166 844; x_wconf 89' lang='lat' dir='ltr'>do</span> <span class='ocrx_word' id='word_1_29' title='bbox 182 777 313 864; x_wconf 86' lang='lat' dir='ltr'>tragicis</span> <span class='ocrx_word' id='word_1_30' title='bbox 325 778 430 865; x_wconf 90' lang='lat' dir='ltr'>poetis</span> <span class='ocrx_word' id='word_1_31' title='bbox 445 777 640 845; x_wconf 80' lang='lat' dir='ltr'><strong>multitudini</strong></span> <span class='ocrx_word' id='word_1_32' title='bbox 659 777 866 845; x_wconf 78' lang='lat' dir='ltr'>adulantibus</span> <span class='ocrx_word' id='word_1_33' title='bbox 888 776 977 844; x_wconf 86' lang='lat' dir='ltr'>Plato</span> <span class='ocrx_word' id='word_1_34' title='bbox 1003 774 1094 854; x_wconf 90' lang='lat' dir='ltr'>dicit,</span> <span class='ocrx_word' id='word_1_35' title='bbox 1112 796 1207 864; x_wconf 84' lang='lat' dir='ltr'>quam</span> 
     </span>
     <span class='ocr_line' id='line_1_6' title="bbox 128 889 1208 979; baseline 0 -23"><span class='ocrx_word' id='word_1_36' title='bbox 128 890 241 957; x_wconf 80' lang='lat' dir='ltr'>t&#39;alsum</span> <span class='ocrx_word' id='word_1_37' title='bbox 266 890 317 968; x_wconf 91' lang='lat' dir='ltr'>sit,</span> <span class='ocrx_word' id='word_1_38' title='bbox 341 890 491 978; x_wconf 84' lang='lat' dir='ltr'>lEscbyli,</span> <span class='ocrx_word' id='word_1_39' title='bbox 509 890 689 979; x_wconf 79' lang='lat' dir='ltr'>Sophoclis,</span> <span class='ocrx_word' id='word_1_40' title='bbox 707 895 738 957; x_wconf 89' lang='lat' dir='ltr'>et</span> <span class='ocrx_word' id='word_1_41' title='bbox 760 890 861 978; x_wconf 92' lang='lat' dir='ltr'>ipsius</span> <span class='ocrx_word' id='word_1_42' title='bbox 884 889 1046 978; x_wconf 78' lang='lat' dir='ltr'>Euripidis</span> <span class='ocrx_word' id='word_1_43' title='bbox 1060 889 1208 977; x_wconf 86' lang='lat' dir='ltr'>exempla</span> 
     </span>
     <span class='ocr_line' id='line_1_7' title="bbox 127 1002 388 1070; baseline 0.004 -2"><span class='ocrx_word' id='word_1_44' title='bbox 127 1002 205 1069; x_wconf 90' lang='lat' dir='ltr'>satis</span> <span class='ocrx_word' id='word_1_45' title='bbox 220 1009 388 1070; x_wconf 86' lang='lat' dir='ltr'>testantur.</span> 
     </span>
    </p>
   </div>
   <div class='ocr_carea' id='block_1_3' title="bbox 127 1140 1248 2367">
    <p class='ocr_par' dir='ltr' id='par_1_3' title="bbox 127 1140 1248 2367">
     <span class='ocr_line' id='line_1_8' title="bbox 172 1140 1209 1231; baseline 0 -24"><span class='ocrx_word' id='word_1_46' title='bbox 172 1148 332 1211; x_wconf 76' lang='lat' dir='ltr'>tlaetcrum</span> <span class='ocrx_word' id='word_1_47' title='bbox 350 1144 511 1231; x_wconf 77' lang='lat' dir='ltr'>Euripidis</span> <span class='ocrx_word' id='word_1_48' title='bbox 534 1144 703 1231; x_wconf 81' lang='lat' dir='ltr'>opiniones</span> <span class='ocrx_word' id='word_1_49' title='bbox 727 1143 842 1211; x_wconf 89' lang='lat' dir='ltr'>eadem</span> <span class='ocrx_word' id='word_1_50' title='bbox 866 1141 1022 1210; x_wconf 78' lang='lat' dir='ltr'>facilitate</span> <span class='ocrx_word' id='word_1_51' title='bbox 1049 1146 1083 1209; x_wconf 89' lang='lat' dir='ltr'>et</span> <span class='ocrx_word' id='word_1_52' title='bbox 1098 1140 1209 1208; x_wconf 93' lang='lat' dir='ltr'>indul-</span> 
     </span>
     <span class='ocr_line' id='line_1_9' title="bbox 127 1254 1248 1354; baseline -0.001 -32"><span class='ocrx_word' id='word_1_53' title='bbox 127 1255 236 1343; x_wconf 84' lang='lat' dir='ltr'>gentia</span> <span class='ocrx_word' id='word_1_54' title='bbox 253 1256 445 1345; x_wconf 89' lang='lat' dir='ltr'>judicandas</span> <span class='ocrx_word' id='word_1_55' title='bbox 464 1256 613 1334; x_wconf 77' lang='lat' dir='ltr'>arbitror,</span> <span class='ocrx_word' id='word_1_56' title='bbox 630 1277 693 1344; x_wconf 85' lang='lat' dir='ltr'>qua</span> <span class='ocrx_word' id='word_1_57' title='bbox 715 1261 764 1322; x_wconf 92' lang='lat' dir='ltr'>tot</span> <span class='ocrx_word' id='word_1_58' title='bbox 786 1263 931 1323; x_wconf 87' lang='lat' dir='ltr'>veterum</span> <span class='ocrx_word' id='word_1_59' title='bbox 956 1261 1128 1342; x_wconf 90' lang='lat' dir='ltr'>poetarum</span> <span class='ocrx_word' id='word_1_60' title='bbox 1142 1254 1209 1342; x_wconf 92' lang='lat' dir='ltr'>pbi·</span> <span class='ocrx_word' id='word_1_61' title='bbox 1227 1316 1248 1354; x_wconf 43' lang='lat'><em>4</em></span> 
     </span>
     <span class='ocr_line' id='line_1_10' title="bbox 128 1368 1210 1460; baseline -0.001 -23"><span class='ocrx_word' id='word_1_62' title='bbox 128 1369 307 1457; x_wconf 87' lang='lat' dir='ltr'>losoplriam</span> <span class='ocrx_word' id='word_1_63' title='bbox 318 1368 1210 1460; x_wconf 83' lang='lat' dir='ltr'>aestimamus.NonneVirgilioacerbissimeBossuetius</span> 
     </span>
     <span class='ocr_line' id='line_1_11' title="bbox 127 1481 1210 1572; baseline -0.001 -23"><span class='ocrx_word' id='word_1_64' title='bbox 127 1482 335 1571; x_wconf 80' lang='lat' dir='ltr'>exprobravit</span> <span class='ocrx_word' id='word_1_65' title='bbox 349 1483 433 1572; x_wconf 89' lang='lat' dir='ltr'>quod</span> <span class='ocrx_word' id='word_1_66' title='bbox 456 1484 552 1553; x_wconf 95' lang='lat' dir='ltr'>modo</span> <span class='ocrx_word' id='word_1_67' title='bbox 575 1484 727 1562; x_wconf 89' lang='lat' dir='ltr'>Platonis,</span> <span class='ocrx_word' id='word_1_68' title='bbox 747 1484 843 1552; x_wconf 95' lang='lat' dir='ltr'>modo</span> <span class='ocrx_word' id='word_1_69' title='bbox 858 1482 989 1571; x_wconf 92' lang='lat' dir='ltr'>Epicuri</span> <span class='ocrx_word' id='word_1_70' title='bbox 1018 1502 1092 1550; x_wconf 90' lang='lat' dir='ltr'>sese</span> <span class='ocrx_word' id='word_1_71' title='bbox 1106 1481 1210 1550; x_wconf 91' lang='lat' dir='ltr'>disci-</span> 
     </span>
     <span class='ocr_line' id='line_1_12' title="bbox 128 1596 1207 1685; baseline -0.003 -21"><span class='ocrx_word' id='word_1_72' title='bbox 128 1596 238 1684; x_wconf 92' lang='lat' dir='ltr'>pulum</span> <span class='ocrx_word' id='word_1_73' title='bbox 255 1596 418 1684; x_wconf 87' lang='lat' dir='ltr'>praebeat¹</span> <span class='ocrx_word' id='word_1_74' title='bbox 432 1603 448 1664; x_wconf 73' lang='lat' dir='ltr'>i&gt;</span> <span class='ocrx_word' id='word_1_75' title='bbox 462 1601 526 1665; x_wconf 86' lang='lat' dir='ltr'>Nos</span> <span class='ocrx_word' id='word_1_76' title='bbox 539 1604 647 1665; x_wconf 90' lang='lat' dir='ltr'>autem</span> <span class='ocrx_word' id='word_1_77' title='bbox 662 1597 831 1685; x_wconf 84' lang='lat' dir='ltr'>Virgilium</span> <span class='ocrx_word' id='word_1_78' title='bbox 848 1597 986 1664; x_wconf 91' lang='lat' dir='ltr'>libenter</span> <span class='ocrx_word' id='word_1_79' title='bbox 1003 1615 1207 1671; x_wconf 80' lang='lat' dir='ltr'>excusamus,</span> 
     </span>
     <span class='ocr_line' id='line_1_13' title="bbox 128 1708 1206 1801; baseline -0.006 -20"><span class='ocrx_word' id='word_1_80' title='bbox 128 1713 154 1781; x_wconf 89' lang='lat' dir='ltr'>si</span> <span class='ocrx_word' id='word_1_81' title='bbox 169 1713 251 1780; x_wconf 92' lang='lat' dir='ltr'>inter</span> <span class='ocrx_word' id='word_1_82' title='bbox 263 1717 311 1780; x_wconf 88' lang='lat' dir='ltr'>tot</span> <span class='ocrx_word' id='word_1_83' title='bbox 324 1712 483 1781; x_wconf 92' lang='lat' dir='ltr'>luctantes</span> <span class='ocrx_word' id='word_1_84' title='bbox 502 1712 769 1801; x_wconf 89' lang='lat' dir='ltr'>pbilosophorum</span> <span class='ocrx_word' id='word_1_85' title='bbox 787 1708 1022 1781; x_wconf 86' lang='lat' dir='ltr'>sectasdubius</span> <span class='ocrx_word' id='word_1_86' title='bbox 1036 1709 1206 1786; x_wconf 82' lang='lat' dir='ltr'>remansit,</span> 
     </span>
     <span class='ocr_line' id='line_1_14' title="bbox 129 1822 1212 1915; baseline -0.006 -22"><span class='ocrx_word' id='word_1_87' title='bbox 129 1833 161 1895; x_wconf 87' lang='lat' dir='ltr'>et</span> <span class='ocrx_word' id='word_1_88' title='bbox 171 1826 323 1915; x_wconf 81' lang='lat' dir='ltr'>quidquid</span> <span class='ocrx_word' id='word_1_89' title='bbox 337 1827 433 1895; x_wconf 88' lang='lat' dir='ltr'>variis</span> <span class='ocrx_word' id='word_1_90' title='bbox 449 1826 629 1894; x_wconf 87' lang='lat' dir='ltr'>carminum</span> <span class='ocrx_word' id='word_1_91' title='bbox 645 1847 778 1894; x_wconf 93' lang='lat' dir='ltr'>suorum</span> <span class='ocrx_word' id='word_1_92' title='bbox 796 1825 874 1893; x_wconf 91' lang='lat' dir='ltr'>locis</span> <span class='ocrx_word' id='word_1_93' title='bbox 890 1824 1011 1912; x_wconf 92' lang='lat' dir='ltr'>optime</span> <span class='ocrx_word' id='word_1_94' title='bbox 1024 1822 1212 1891; x_wconf 89' lang='lat' dir='ltr'>conveniret</span> 
     </span>
     <span class='ocr_line' id='line_1_15' title="bbox 130 1938 1211 2028; baseline -0.004 -22"><span class='ocrx_word' id='word_1_95' title='bbox 130 1939 256 2028; x_wconf 90' lang='lat' dir='ltr'>poetico</span> <span class='ocrx_word' id='word_1_96' title='bbox 279 1938 387 2005; x_wconf 86' lang='lat' dir='ltr'>lurore</span> <span class='ocrx_word' id='word_1_97' title='bbox 408 1939 525 2006; x_wconf 91' lang='lat' dir='ltr'>ductus</span> <span class='ocrx_word' id='word_1_98' title='bbox 546 1938 697 2026; x_wconf 91' lang='lat' dir='ltr'>arripuit;</span> <span class='ocrx_word' id='word_1_99' title='bbox 717 1958 823 2006; x_wconf 92' lang='lat' dir='ltr'>mores</span> <span class='ocrx_word' id='word_1_100' title='bbox 847 1940 917 2026; x_wconf 88' lang='lat' dir='ltr'>ejus</span> <span class='ocrx_word' id='word_1_101' title='bbox 936 1943 968 2004; x_wconf 86' lang='lat' dir='ltr'>et</span> <span class='ocrx_word' id='word_1_102' title='bbox 989 1938 1134 2004; x_wconf 94' lang='lat' dir='ltr'>animum</span> <span class='ocrx_word' id='word_1_103' title='bbox 1150 1957 1211 2005; x_wconf 94' lang='lat' dir='ltr'>non</span> 
     </span>
     <span class='ocr_line' id='line_1_16' title="bbox 129 2049 1211 2140; baseline -0.004 -21"><span class='ocrx_word' id='word_1_104' title='bbox 129 2074 168 2119; x_wconf 84' lang='lat' dir='ltr'>cx</span> <span class='ocrx_word' id='word_1_105' title='bbox 184 2052 221 2119; x_wconf 93' lang='lat' dir='ltr'>iis</span> <span class='ocrx_word' id='word_1_106' title='bbox 236 2051 344 2120; x_wconf 92' lang='lat' dir='ltr'>mundi</span> <span class='ocrx_word' id='word_1_107' title='bbox 362 2052 525 2120; x_wconf 86' lang='lat' dir='ltr'>nascentis</span> <span class='ocrx_word' id='word_1_108' title='bbox 539 2052 813 2140; x_wconf 87' lang='lat' dir='ltr'>descriptionibus</span> <span class='ocrx_word' id='word_1_109' title='bbox 826 2051 974 2140; x_wconf 87' lang='lat' dir='ltr'>judicare</span> <span class='ocrx_word' id='word_1_110' title='bbox 988 2051 1143 2129; x_wconf 73' lang='lat' dir='ltr'>solemus</span> <span class='ocrx_word' id='word_1_111' title='bbox 1157 2049 1211 2117; x_wconf 90' lang='lat' dir='ltr'>sed</span> 
     </span>
     <span class='ocr_line' id='line_1_17' title="bbox 129 2164 1212 2255; baseline -0.002 -22"><span class='ocrx_word' id='word_1_112' title='bbox 129 2186 169 2233; x_wconf 87' lang='lat' dir='ltr'>ex</span> <span class='ocrx_word' id='word_1_113' title='bbox 188 2171 236 2233; x_wconf 93' lang='lat' dir='ltr'>tot</span> <span class='ocrx_word' id='word_1_114' title='bbox 251 2165 402 2235; x_wconf 85' lang='lat' dir='ltr'>bumanae</span> <span class='ocrx_word' id='word_1_115' title='bbox 417 2167 504 2235; x_wconf 83' lang='lat' dir='ltr'>vitae·</span> <span class='ocrx_word' id='word_1_116' title='bbox 515 2165 661 2255; x_wconf 92' lang='lat' dir='ltr'>picturis,</span> <span class='ocrx_word' id='word_1_117' title='bbox 684 2187 757 2255; x_wconf 85' lang='lat' dir='ltr'>quae</span> <span class='ocrx_word' id='word_1_118' title='bbox 779 2167 933 2254; x_wconf 88' lang='lat' dir='ltr'>pietatem</span> <span class='ocrx_word' id='word_1_119' title='bbox 952 2167 1033 2255; x_wconf 85' lang='lat' dir='ltr'>ejus,</span> <span class='ocrx_word' id='word_1_120' title='bbox 1060 2172 1094 2232; x_wconf 86' lang='lat' dir='ltr'>et</span> <span class='ocrx_word' id='word_1_121' title='bbox 1111 2164 1212 2253; x_wconf 84' lang='lat' dir='ltr'>justi-</span> 
     </span>
     <span class='ocr_line' id='line_1_18' title="bbox 131 2279 1209 2367; baseline -0.003 -22"><span class='ocrx_word' id='word_1_122' title='bbox 131 2279 219 2357; x_wconf 91' lang='lat' dir='ltr'>tiam,</span> <span class='ocrx_word' id='word_1_123' title='bbox 234 2284 265 2347; x_wconf 91' lang='lat' dir='ltr'>ot</span> <span class='ocrx_word' id='word_1_124' title='bbox 276 2300 354 2367; x_wconf 88' lang='lat' dir='ltr'>erga</span> <span class='ocrx_word' id='word_1_125' title='bbox 370 2279 517 2348; x_wconf 89' lang='lat' dir='ltr'>bomines</span> <span class='ocrx_word' id='word_1_126' title='bbox 527 2279 781 2348; x_wconf 90' lang='lat' dir='ltr'>misericordiam</span> <span class='ocrx_word' id='word_1_127' title='bbox 792 2280 1024 2367; x_wconf 86' lang='lat' dir='ltr'>caritatemque</span> <span class='ocrx_word' id='word_1_128' title='bbox 1037 2285 1209 2346; x_wconf 89' lang='lat' dir='ltr'>testantur.</span> 
     </span>
    </p>
   </div>
   <div class='ocr_carea' id='block_1_4' title="bbox 134 2415 1221 3639">
    <p class='ocr_par' dir='ltr' id='par_1_4' title="bbox 134 2415 1221 3639">
     <span class='ocr_line' id='line_1_19' title="bbox 180 2415 1221 2504; baseline -0.004 -19"><span class='ocrx_word' id='word_1_129' title='bbox 180 2415 320 2504; x_wconf 78' lang='lat' dir='ltr'>Euripidi</span> <span class='ocrx_word' id='word_1_130' title='bbox 345 2436 432 2494; x_wconf 85' lang='lat' dir='ltr'>vero,</span> <span class='ocrx_word' id='word_1_131' title='bbox 458 2437 556 2504; x_wconf 89' lang='lat' dir='ltr'>quum</span> <span class='ocrx_word' id='word_1_132' title='bbox 575 2416 608 2483; x_wconf 94' lang='lat' dir='ltr'>iu</span> <span class='ocrx_word' id='word_1_133' title='bbox 623 2422 690 2484; x_wconf 90' lang='lat' dir='ltr'>tam</span> <span class='ocrx_word' id='word_1_134' title='bbox 707 2416 843 2484; x_wconf 90' lang='lat' dir='ltr'>diversis</span> <span class='ocrx_word' id='word_1_135' title='bbox 855 2415 1090 2504; x_wconf 75' lang='lat' dir='ltr'>tragoediarum</span> <span class='ocrx_word' id='word_1_136' title='bbox 1106 2421 1221 2482; x_wconf 88' lang='lat' dir='ltr'>mate-·</span> 
     </span>
     <span class='ocr_line' id='line_1_20' title="bbox 134 2528 1210 2617; baseline -0.002 -21"><span class='ocrx_word' id='word_1_137' title='bbox 134 2530 200 2607; x_wconf 90' lang='lat' dir='ltr'>riis,</span> <span class='ocrx_word' id='word_1_138' title='bbox 217 2529 416 2598; x_wconf 89' lang='lat' dir='ltr'>diversarum</span> <span class='ocrx_word' id='word_1_139' title='bbox 435 2549 647 2617; x_wconf 90' lang='lat' dir='ltr'>personarum</span> <span class='ocrx_word' id='word_1_140' title='bbox 663 2530 793 2597; x_wconf 89' lang='lat' dir='ltr'>nomine</span> <span class='ocrx_word' id='word_1_141' title='bbox 807 2549 936 2617; x_wconf 90' lang='lat' dir='ltr'>semper</span> <span class='ocrx_word' id='word_1_142' title='bbox 950 2528 1148 2617; x_wconf 88' lang='lat' dir='ltr'>loquendum</span> <span class='ocrx_word' id='word_1_143' title='bbox 1161 2528 1210 2604; x_wconf 92' lang='lat' dir='ltr'>sit,</span> 
     </span>
     <span class='ocr_line' id='line_1_21' title="bbox 134 2641 1214 2731; baseline -0.003 -22"><span class='ocrx_word' id='word_1_144' title='bbox 134 2642 208 2731; x_wconf 79' lang='lat' dir='ltr'>quid</span> <span class='ocrx_word' id='word_1_145' title='bbox 224 2641 340 2709; x_wconf 92' lang='lat' dir='ltr'>mirum</span> <span class='ocrx_word' id='word_1_146' title='bbox 354 2642 379 2709; x_wconf 91' lang='lat' dir='ltr'>si</span> <span class='ocrx_word' id='word_1_147' title='bbox 394 2641 522 2709; x_wconf 90' lang='lat' dir='ltr'>diversa</span> <span class='ocrx_word' id='word_1_148' title='bbox 538 2642 578 2710; x_wconf 89' lang='lat' dir='ltr'>de</span> <span class='ocrx_word' id='word_1_149' title='bbox 593 2643 690 2711; x_wconf 92' lang='lat' dir='ltr'>rebus</span> <span class='ocrx_word' id='word_1_150' title='bbox 701 2642 848 2730; x_wconf 90' lang='lat' dir='ltr'>judicare</span> <span class='ocrx_word' id='word_1_151' title='bbox 862 2642 1011 2709; x_wconf 74' lang='lat' dir='ltr'>videtur?</span> <span class='ocrx_word' id='word_1_152' title='bbox 1033 2644 1066 2707; x_wconf 92' lang='lat' dir='ltr'>ln</span> <span class='ocrx_word' id='word_1_153' title='bbox 1080 2643 1214 2728; x_wconf 72' lang='lat' dir='ltr'>Suppli-</span> 
     </span>
     <span class='ocr_line' id='line_1_22' title="bbox 135 2755 1213 2846; baseline -0.001 -23"><span class='ocrx_word' id='word_1_154' title='bbox 135 2759 221 2823; x_wconf 78' lang='lat' dir='ltr'>cilrus</span> <span class='ocrx_word' id='word_1_155' title='bbox 246 2775 336 2843; x_wconf 84' lang='lat' dir='ltr'>ergo,</span> <span class='ocrx_word' id='word_1_156' title='bbox 357 2755 411 2823; x_wconf 93' lang='lat' dir='ltr'>ubi</span> <span class='ocrx_word' id='word_1_157' title='bbox 434 2756 604 2845; x_wconf 86' lang='lat' dir='ltr'>egregium</span> <span class='ocrx_word' id='word_1_158' title='bbox 626 2756 791 2846; x_wconf 92' lang='lat' dir='ltr'>popularis</span> <span class='ocrx_word' id='word_1_159' title='bbox 808 2755 963 2843; x_wconf 77' lang='lat' dir='ltr'>potentiae</span> <span class='ocrx_word' id='word_1_160' title='bbox 987 2775 1081 2822; x_wconf 93' lang='lat' dir='ltr'>usum</span> <span class='ocrx_word' id='word_1_161' title='bbox 1104 2756 1213 2844; x_wconf 94' lang='lat' dir='ltr'>depin-</span> 
     </span>
     <span class='ocr_line' id='line_1_23' title="bbox 134 2868 1215 2959; baseline 0 -23"><span class='ocrx_word' id='word_1_162' title='bbox 134 2870 244 2957; x_wconf 83' lang='lat' dir='ltr'>gebat,</span> <span class='ocrx_word' id='word_1_163' title='bbox 262 2869 423 2958; x_wconf 82' lang='lat' dir='ltr'>quomodo</span> <span class='ocrx_word' id='word_1_164' title='bbox 439 2871 585 2958; x_wconf 93' lang='lat' dir='ltr'>populari</span> <span class='ocrx_word' id='word_1_165' title='bbox 601 2872 757 2959; x_wconf 90' lang='lat' dir='ltr'>potentiae</span> <span class='ocrx_word' id='word_1_166' title='bbox 771 2889 834 2938; x_wconf 93' lang='lat' dir='ltr'>non</span> <span class='ocrx_word' id='word_1_167' title='bbox 850 2868 1047 2957; x_wconf 85' lang='lat' dir='ltr'>aliquantum</span> <span class='ocrx_word' id='word_1_168' title='bbox 1062 2869 1215 2938; x_wconf 77' lang='lat' dir='ltr'>lavisset?</span> 
     </span>
     <span class='ocr_line' id='line_1_24' title="bbox 136 2981 1215 3060; baseline 0.002 -12"><span class='ocrx_word' id='word_1_169' title='bbox 136 2984 168 3048; x_wconf 96' lang='lat' dir='ltr'>ln</span> <span class='ocrx_word' id='word_1_170' title='bbox 183 2983 400 3050; x_wconf 84' lang='lat' dir='ltr'>Andromoctc</span> <span class='ocrx_word' id='word_1_171' title='bbox 414 2988 533 3060; x_wconf 91' lang='lat' dir='ltr'>autem,</span> <span class='ocrx_word' id='word_1_172' title='bbox 551 2984 606 3052; x_wconf 92' lang='lat' dir='ltr'>ubi</span> <span class='ocrx_word' id='word_1_173' title='bbox 627 2983 878 3050; x_wconf 89' lang='lat' dir='ltr'>domesticarum</span> <span class='ocrx_word' id='word_1_174' title='bbox 900 2981 1137 3050; x_wconf 91' lang='lat' dir='ltr'>discordiarum</span> <span class='ocrx_word' id='word_1_175' title='bbox 1152 2983 1215 3050; x_wconf 93' lang='lat' dir='ltr'>du-</span> 
     </span>
     <span class='ocr_line' id='line_1_25' title="bbox 137 3095 1216 3185; baseline 0 -23"><span class='ocrx_word' id='word_1_176' title='bbox 137 3096 292 3185; x_wconf 88' lang='lat' dir='ltr'>plicisque</span> <span class='ocrx_word' id='word_1_177' title='bbox 306 3095 432 3184; x_wconf 90' lang='lat' dir='ltr'>imperii</span> <span class='ocrx_word' id='word_1_178' title='bbox 446 3095 649 3164; x_wconf 91' lang='lat' dir='ltr'>incommoda</span> <span class='ocrx_word' id='word_1_179' title='bbox 665 3102 833 3185; x_wconf 89' lang='lat' dir='ltr'>apparent,</span> <span class='ocrx_word' id='word_1_180' title='bbox 849 3103 881 3164; x_wconf 86' lang='lat' dir='ltr'>et</span> <span class='ocrx_word' id='word_1_181' title='bbox 893 3097 977 3164; x_wconf 87' lang='lat' dir='ltr'>inter</span> <span class='ocrx_word' id='word_1_182' title='bbox 990 3095 1072 3164; x_wconf 91' lang='lat' dir='ltr'>duas</span> <span class='ocrx_word' id='word_1_183' title='bbox 1088 3098 1216 3184; x_wconf 91' lang='lat' dir='ltr'>reginas</span> 
     </span>
     <span class='ocr_line' id='line_1_26' title="bbox 137 3199 1216 3298; baseline 0.001 -21"><span class='ocrx_word' id='word_1_184' title='bbox 137 3215 228 3277; x_wconf 84' lang='lat' dir='ltr'>atrox</span> <span class='ocrx_word' id='word_1_185' title='bbox 250 3216 414 3278; x_wconf 90' lang='lat' dir='ltr'>certamen</span> <span class='ocrx_word' id='word_1_186' title='bbox 434 3209 545 3287; x_wconf 91' lang='lat' dir='ltr'>oritur,</span> <span class='ocrx_word' id='word_1_187' title='bbox 565 3230 602 3278; x_wconf 91' lang='lat' dir='ltr'>ea</span> <span class='ocrx_word' id='word_1_188' title='bbox 618 3211 738 3278; x_wconf 92' lang='lat' dir='ltr'>sentire</span> <span class='ocrx_word' id='word_1_189' title='bbox 751 3199 886 3277; x_wconf 87' lang='lat' dir='ltr'>eborum</span> <span class='ocrx_word' id='word_1_190' title='bbox 904 3208 1022 3288; x_wconf 87' lang='lat' dir='ltr'>decuit,</span> <span class='ocrx_word' id='word_1_191' title='bbox 1038 3230 1114 3298; x_wconf 83' lang='lat' dir='ltr'>quae</span> <span class='ocrx_word' id='word_1_192' title='bbox 1136 3230 1216 3278; x_wconf 91' lang='lat' dir='ltr'>nos-</span> 
     </span>
     <span class='ocr_line' id='line_1_27' title="bbox 137 3322 1216 3412; baseline 0.002 -23"><span class='ocrx_word' id='word_1_193' title='bbox 137 3329 223 3390; x_wconf 92' lang='lat' dir='ltr'>trum</span> <span class='ocrx_word' id='word_1_194' title='bbox 238 3322 372 3411; x_wconf 83' lang='lat' dir='ltr'>quilibet</span> <span class='ocrx_word' id='word_1_195' title='bbox 386 3323 500 3392; x_wconf 90' lang='lat' dir='ltr'>eadem</span> <span class='ocrx_word' id='word_1_196' title='bbox 515 3324 676 3412; x_wconf 88' lang='lat' dir='ltr'>aspiciens</span> <span class='ocrx_word' id='word_1_197' title='bbox 691 3324 842 3406; x_wconf 78' lang='lat' dir='ltr'>sentiret3</span> <span class='ocrx_word' id='word_1_198' title='bbox 861 3324 955 3391; x_wconf 92' lang='lat' dir='ltr'>unius</span> <span class='ocrx_word' id='word_1_199' title='bbox 968 3323 1092 3392; x_wconf 92' lang='lat' dir='ltr'>scilicet</span> <span class='ocrx_word' id='word_1_200' title='bbox 1108 3323 1216 3412; x_wconf 89' lang='lat' dir='ltr'>impe-</span> 
     </span>
     <span class='ocr_line' id='line_1_28' title="bbox 138 3435 1217 3528; baseline -0.001 -25"><span class='ocrx_word' id='word_1_201' title='bbox 138 3435 221 3503; x_wconf 90' lang='lat' dir='ltr'>rium</span> <span class='ocrx_word' id='word_1_202' title='bbox 243 3435 412 3525; x_wconf 86' lang='lat' dir='ltr'>aliquando</span> <span class='ocrx_word' id='word_1_203' title='bbox 433 3437 651 3504; x_wconf 91' lang='lat' dir='ltr'>necessarium</span> <span class='ocrx_word' id='word_1_204' title='bbox 673 3457 761 3515; x_wconf 87' lang='lat' dir='ltr'>esse,</span> <span class='ocrx_word' id='word_1_205' title='bbox 788 3443 820 3504; x_wconf 92' lang='lat' dir='ltr'>et</span> <span class='ocrx_word' id='word_1_206' title='bbox 842 3436 989 3504; x_wconf 86' lang='lat' dir='ltr'>civilibus</span> <span class='ocrx_word' id='word_1_207' title='bbox 1008 3437 1159 3528; x_wconf 83' lang='lat' dir='ltr'>procellis</span> <span class='ocrx_word' id='word_1_208' title='bbox 1177 3436 1217 3504; x_wconf 95' lang='lat' dir='ltr'>nil</span> 
     </span>
     <span class='ocr_line' id='line_1_29' title="bbox 137 3549 1216 3639; baseline 0 -23"><span class='ocrx_word' id='word_1_209' title='bbox 137 3549 296 3617; x_wconf 90' lang='lat' dir='ltr'>dictatura</span> <span class='ocrx_word' id='word_1_210' title='bbox 310 3550 427 3637; x_wconf 92' lang='lat' dir='ltr'>aptius.</span> <span class='ocrx_word' id='word_1_211' title='bbox 441 3555 485 3618; x_wconf 92' lang='lat' dir='ltr'>Ea</span> <span class='ocrx_word' id='word_1_212' title='bbox 501 3558 550 3618; x_wconf 91' lang='lat' dir='ltr'>est</span> <span class='ocrx_word' id='word_1_213' title='bbox 564 3552 650 3619; x_wconf 93' lang='lat' dir='ltr'>enim</span> <span class='ocrx_word' id='word_1_214' title='bbox 663 3551 778 3639; x_wconf 90' lang='lat' dir='ltr'>tragici</span> <span class='ocrx_word' id='word_1_215' title='bbox 802 3551 911 3639; x_wconf 89' lang='lat' dir='ltr'>operis</span> <span class='ocrx_word' id='word_1_216' title='bbox 930 3553 990 3630; x_wconf 88' lang='lat' dir='ltr'>lex,</span> <span class='ocrx_word' id='word_1_217' title='bbox 1009 3557 1044 3620; x_wconf 94' lang='lat' dir='ltr'>ut</span> <span class='ocrx_word' id='word_1_218' title='bbox 1064 3572 1173 3620; x_wconf 91' lang='lat' dir='ltr'>rerum</span> <span class='ocrx_word' id='word_1_219' title='bbox 1187 3553 1216 3618; x_wconf 95' lang='lat' dir='ltr'>in</span> 
     </span>
    </p>
   </div>
   <div class='ocr_carea' id='block_1_5' title="bbox 177 3907 598 3981">
    <p class='ocr_par' dir='ltr' id='par_1_5' title="bbox 177 3907 598 3981">
     <span class='ocr_line' id='line_1_30' title="bbox 177 3907 598 3981; baseline 0.01 -20"><span class='ocrx_word' id='word_1_220' title='bbox 177 3911 184 3951; x_wconf 80' lang='lat' dir='ltr'>l</span> <span class='ocrx_word' id='word_1_221' title='bbox 207 3907 277 3963; x_wconf 84' lang='lat' dir='ltr'>llnss.</span> <span class='ocrx_word' id='word_1_222' title='bbox 295 3909 329 3963; x_wconf 82' lang='lat' dir='ltr'>lle</span> <span class='ocrx_word' id='word_1_223' title='bbox 341 3910 503 3981; x_wconf 63' lang='lat' dir='ltr'>tirrrrcrrpisc„</span> <span class='ocrx_word' id='word_1_224' title='bbox 521 3930 542 3966; x_wconf 88' lang='lat' dir='ltr'>n.</span> <span class='ocrx_word' id='word_1_225' title='bbox 558 3914 598 3968; x_wconf 72' lang='lat' dir='ltr'>ln,</span> 
     </span>
    </p>
   </div>
   <div class='ocr_carea' id='block_1_6' title="bbox 0 0 1362 4508">
    <p class='ocr_par' dir='ltr' id='par_1_6' title="bbox 0 0 1362 4508">
     <span class='ocr_line' id='line_1_31' title="bbox 0 0 1362 4508; baseline 0 0"><span class='ocrx_word' id='word_1_226' title='bbox 0 0 1362 4508; x_wconf 95' lang='lat' dir='ltr'> </span> 
     </span>
    </p>
   </div>
  </div>
 </body>
</html>
