2684 4508
404 739 595 835 CAPUT
634 742 939 856 Quaerunt.

129 1121 278 1180 ouououo
291 1122 525 1172 amsrornnuus
546 1126 578 1171 m
595 1125 635 1173 ns
650 1126 720 1184 oua
736 1127 779 1174 nn
805 1127 1029 1176 nnnrunmenu
1048 1124 1209 1179 rancuuu

176 1238 350 1286 ruarmuur
362 1222 535 1287 orrrunrn's
560 1240 731 1289 aasuvnarr
749 1224 845 1309 (anno
859 1234 932 1289 onte
943 1225 1043 1302 J.·G.,
1061 1225 1163 1311 425).

257 1575 278 1666 ὃ
303 1571 340 1647 l.
367 1614 414 1626 —
441 1572 492 1645 De
505 1573 631 1670 primis
650 1574 884 1671 Aristophanis
905 1575 1087 1649 comediis.
1145 1663 1152 1676 Ι

173 1795 244 1859 Jam
263 1793 390 1858 mortuo
403 1791 527 1860 Pericle
543 1793 671 1882 juvenis
684 1791 859 1862 admodum
883 1794 1061 1863 comoedias
1075 1795 1106 1862 in
1131 1815 1210 1863 sce-

130 1925 205 1973 nam
231 1904 383 1993 produxit
408 1905 640 1995 Aristophanes
665 1913 697 1976 et
730 1927 802 1977 sese
826 1909 935 1977 statim
960 1910 1078 1979 vetusti
1112 1909 1211 1977 moris

129 2017 333 2087 defensorem
348 2022 549 2108 vetustaeque
562 2016 816 2088 adolescentium
831 2016 1040 2089 institutionis
1059 2021 1091 2088 in
1107 2024 1213 2089 Deto-

129 2133 265 2200 lenaitos
279 2129 453 2200 declaravit
464 2136 486 2198 ¹.
500 2135 573 2200 Mox
590 2152 663 2200 cum
677 2132 796 2201 Cicone
806 2133 921 2222 longas
935 2133 1006 2202 illas
1029 2133 1210 2202 simultates

129 2245 283 2333 suscepit,
296 2266 371 2335 quae
390 2246 459 2335 ipsa
476 2245 644 2334 plebicolae
657 2251 772 2325 morte,
788 2252 823 2314 ut
835 2246 1028 2325 videbimus,
1046 2247 1098 2314 vix
1112 2253 1212 2335 pote-

128 2363 204 2426 runt
215 2358 389 2447 exstingui,
404 2358 521 2448 quibus
534 2378 610 2427 vero
623 2378 689 2428 non
702 2359 854 2448 injustam
866 2358 996 2448 quidem
1020 2359 1076 2427 sed
1105 2360 1211 2429 minus

128 2472 297 2540 honestam
312 2493 443 2541 causam
457 2472 601 2541 nonnulli
611 2473 840 2542 attribuerunt.
858 2473 914 2542 His
932 2474 1023 2542 enim
1046 2475 1073 2541 si
1098 2466 1211 2543 credi-4

128 2605 212 2663 mus,
234 2572 448 2654 ideo'tantum
465 2587 575 2656 Cleoni
590 2585 709 2656 bellum
725 2586 839 2655 indixit
854 2587 1100 2677 Aristophanes,
1124 2587 1210 2677 quod

127 2699 189 2787 ipsi
202 2700 443 2788 peregrinitatis
455 2700 544 2769 litem
557 2700 632 2769 Cleo
651 2700 892 2783 intentavisset;
908 2701 952 2769 ita
969 2720 1035 2769 non
1048 2700 1211 2769 civitatem

127 2834 168 2882 ac
182 2812 426 2902 rempublicam,
442 2813 499 2882 sed
523 2814 671 2904 proprias
686 2813 819 2904 injurias
837 2820 934 2903 poeta
948 2814 1060 2884 ulcisci
1073 2814 1207 2884 studuit.

127 2927 169 2994 tt
182 2927 252 3016 ejus
270 2927 463 3015 interpretes
475 2934 509 2996 et
522 2926 694 2996 historicos
710 2931 832 2997 attente
858 2927 996 3017 legendo
1020 2933 1056 2996 ut
1082 2928 1210 2998 diversa

127 3040 305 3109 sentiamus
319 3059 383 3106 non
395 3038 526 3108 difficile
542 3039 752 3108 adducemur.
776 3067 789 3102 a
807 3040 959 3109 Inimicus
975 3040 1083 3110 Cleoni
1105 3039 1211 3108 sactus

127 3158 188 3232 est,
197 3153 432 3243 inquitunu'sex
440 3153 516 3222 vitae
524 3153 747 3241 scriptorium,
756 3158 927 3243 postquam
940 3154 1047 3243 ipsum
1057 3153 1110 3222 ille
1118 3174 1211 3244 pere·

127 3267 258 3357 gripum
272 3287 344 3337 csse
358 3267 466 3356 arguit
479 3268 556 3336 etin
571 3268 755 3354 Babyloniis
769 3266 890 3345 tabula,
909 3266 1042 3336 advenis
1056 3287 1209 3356 praesen-

125 3380 223 3459 tibus,
237 3380 576 3470 Atticosmagistratus
591 3379 734 3448 lusisse².
754 3407 767 3441 »
784 3383 895 3449 Nonne
907 3402 947 3449 ex
955 3382 1063 3451 verbis
1075 3385 1211 3471 apparet

128 3614 368 3628 m—

163 3813 173 3854 ¹
193 3814 324 3887 Aristoplt.
343 3815 396 3870 vito
410 3815 441 3871 ab
455 3817 539 3874 Aaou.
555 3833 662 3888 gramm.
683 3831 711 3853 ²
737 3821 747 3851 ²
767 3818 816 3885 ld,
854 3819 927 3886 itit..
965 3820 1026 3877 ibid.
