2684 4508
560 238 582 245 ·-
614 209 662 263 tlt-3
685 241 712 248 —

95 402 134 469 iis
149 401 181 468 in
197 421 232 470 se
258 402 431 470 admissam
456 403 707 472 demonstrent:
738 405 903 494 antiquum
929 405 1015 471 onim
1044 406 1105 473 hoo
1133 406 1178 473 ni·

95 514 203 582 miset
227 513 409 583 obsoletum
435 514 621 605 disputandi
647 537 752 606 genus
767 522 864 586 esset.
884 521 976 585 Nunc
990 538 1008 584 a
1023 516 1178 606 sophistis

95 625 210 694 callide
229 625 354 705 edocti,
384 648 447 716 qua
473 626 546 717 lege
573 649 626 697 res
652 628 804 698 humanae
830 634 1051 717 temperentur
1072 629 1177 697 misc-

95 760 150 809 ros
164 739 305 809 uicissim
323 740 488 810 insulanos
512 742 654 811 docent:
671 743 779 814 omnia
803 742 927 812 scilieet
939 743 970 811 ri
997 748 1029 811 et
1048 742 1176 810 utilitati

95 872 226 942 semper
239 853 396 944 obsequi;
426 855 512 924 hane
524 855 652 924 vivendi
667 856 850 946 agendique
873 857 1002 925 unicam
1029 875 1177 924 normam

93 987 180 1035 esse.
201 967 292 1048 Quod
308 968 334 1036 si
348 968 549 1037 detestandae
562 969 706 1058 opinioni
726 975 911 1060 repugnent
925 969 1024 1047 Melii,
1043 968 1179 1058 sophis-

93 1082 159 1150 tica
174 1082 457 1171 argumentatione
469 1082 659 1152 audaciores
673 1085 750 1153 lacti
764 1084 978 1153 Athenienses
992 1083 1106 1152 urbem
1125 1103 1178 1151 eo·

94 1215 179 1272 rum,
201 1195 347 1284 quamvis
370 1217 434 1264 non
448 1195 619 1276 hostilem,
640 1197 727 1266 ferro
743 1198 874 1287 ignique
888 1202 1017 1265 vastare
1032 1195 1178 1264 sustiue-

93 1305 207 1376 bunt¹,
237 1306 396 1397 Quidquid
427 1308 526 1398 igitur
554 1310 621 1377 veri
645 1310 776 1399 antiqua
807 1309 921 1398 religio
957 1314 990 1377 et
1017 1310 1176 1397 majorum

93 1425 265 1514 opiniones
287 1427 497 1496 continebant
514 1448 578 1495 non
605 1429 719 1497 mediis
743 1430 784 1497 ab
805 1428 970 1499 erroribus
994 1448 1033 1495 ao
1060 1426 1177 1494 tabulis

93 1540 243 1608 evolvere
256 1546 289 1607 et
303 1541 464 1608 extricare
477 1540 622 1630 plerique
636 1540 890 1609 adolescentium
920 1545 1089 1618 conantur,
1120 1539 1177 1619 sed

93 1675 169 1724 cum
184 1655 363 1723 manifestis
380 1655 545 1726 ermribus
559 1677 598 1724 ao
613 1656 729 1724 tabulis
749 1656 904 1724 damnare
920 1660 953 1723 et
973 1674 1094 1743 negare
1106 1654 1178 1722 les-

94 1767 211 1834 tinant.
250 1770 315 1835 Hos
342 1767 466 1836 fructus
491 1768 621 1855 vulgata
645 1768 785 1855 primum
816 1766 1021 1855 philosophia
1048 1766 1174 1854 gignit;

94 1899 159 1968 qua
185 1879 298 1969 religio
316 1901 355 1948 ao
381 1900 489 1950 mores
515 1901 578 1949 non
610 1880 848 1959 emendantur,
878 1879 936 1948 sed
957 1879 1179 1947 dissolvuntur

96 2012 137 2060 ac
150 1997 258 2060 ruunt.
287 1996 399 2082 ltaque
413 2012 479 2060 non
501 1993 560 2062 soli
575 1992 785 2072 sacerdotes,
815 2013 876 2061 nec
900 1992 923 2060 ii
947 1997 1073 2060 tantum
1098 2012 1179 2081 quos

94 2103 196 2203 falsus
224 2109 365 2173 Deorum
390 2106 495 2174 cultus
520 2107 645 2195 pascit,
670 2110 872 2174 crescentem
887 2105 1093 2194 disputandi,
1121 2105 1178 2172 in-

95 2215 303 2305 vestigandi,
333 2217 562 2308 scrutandique
579 2238 722 2287 amorem
746 2218 881 2286 horrent
903 2239 942 2285 ao
960 2218 1175 2286 detestantur.

97 2329 194 2400 Pmbi
219 2330 301 2409 viri,
330 2336 367 2399 ut
399 2329 504 2409 solet,
546 2352 611 2399 non
642 2331 779 2408 desunt,
809 2351 891 2420 quos
910 2330 986 2398 talia
1007 2334 1173 2406 torreant,

94 2440 214 2530 quique
240 2442 398 2519 humanas
424 2448 550 2511 mentes
567 2443 724 2516 ¹immotas
754 2450 886 2531 torpere
921 2441 1052 2518 malint,
1080 2459 1177 2528 quam

94 2553 203 2622 omnia
222 2556 382 2624 movendo
407 2555 608 2623 subvertere.

139 2690 350 2781 indignantur
364 2692 462 2771 item,
481 2693 507 2761 si
524 2693 732 2782 Aristophani
751 2694 924 2773 credimus,
941 2693 1026 2783 quod
1037 2696 1177 2783 iuvenes

96 2805 184 2874 nullo
199 2826 308 2875 rerum
331 2826 392 2874 usu
416 2806 603 2884 exercitati,
634 2827 652 2874 e
677 2806 895 2894 sophistarum
911 2807 1048 2876 officinis
1070 2806 1178 2876 subito

96 2917 306 3007 prodeuntes,
334 2923 526 3008 suggestum
543 2916 777 2997 conscendunt,
804 2919 927 2988 obeunt
940 2919 1084 3007 judicia,
1103 2918 1177 2987 sub·

94 3030 211 3100 tilitate
225 3030 353 3101 dicendi
366 3032 569 3101 adversarios
583 3034 794 3123 supplantare
810 3038 844 3101 et
857 3033 988 3102 decreta
1012 3032 1073 3100 sibi
1100 3031 1178 3100 solis

94 3143 186 3231 utilia
217 3145 337 3233 populo
367 3145 550 3233 approbare
581 3129 734 3216 callent²
763 3145 856 3215 Haud
876 3146 993 3224 aliter,
1020 3151 1178 3235 vergente

88 3258 159 3343 jam
174 3257 214 3325 ad
229 3257 327 3327 finem
340 3264 455 3328 octavo
472 3259 600 3328 decimo
628 3264 702 3349 post
716 3259 879 3328 Christum
901 3264 1013 3328 natum
1038 3259 1173 3336 seculo,

91 3371 318 3440 irascebantur
332 3372 425 3461 probi
446 3373 506 3441 viri
525 3372 611 3463 quod
636 3372 853 3462 philosophiae
882 3373 1025 3462 speeiem
1052 3378 1100 3441 tot
1119 3377 1177 3442 te-

131 3792 141 3833 l
159 3792 250 3858 Thon,
266 3794 295 3848 t.
310 3794 338 3858 l',
354 3813 376 3852 c.
392 3796 502 3854 rol-113.
517 3814 544 3834 ==
566 3798 578 3837 ²
595 3797 710 3865 instet,
726 3798 773 3854 loo.
788 3798 857 3855 citat.
873 3798 986 3854 Achorn.
1004 3797 1129 3854 ltili-685.
1141 3825 1176 3837 ·-

94 3881 146 3954 lt'q.
162 3879 313 3938 leto-138⁶.)
