2684 4508
597 224 738 292 ..4st

122 417 244 488 tionem
259 416 416 486 reducere
426 417 573 495 tentant,
587 418 628 486 ab
643 417 868 505 Aristophanis
879 423 1141 506 caeterorumque
1151 439 1213 486 cu-

123 531 283 599 micorum
303 530 353 597 via
379 549 442 596 non
466 528 623 612 decessit3
655 528 713 598 sed
735 530 767 597 id
792 531 885 599 nobis
903 531 1068 598 incertum
1085 536 1213 599 veteres

124 645 296 733 reliquere.

167 773 329 850 Quorsum
362 766 559 856 spectaverit
591 767 696 835 llttioa
724 766 905 843 comoedia,
943 766 1115 855 plebicolis
1150 787 1213 835 non

124 880 230 970 magis
250 900 346 968 quam
376 900 533 949 novarum
553 901 660 949 rerum
681 880 861 950 fautoribus
879 878 1098 968 infensaque
1117 885 1214 968 pacto

124 994 317 1083 optimatum
345 995 524 1063 sententias
550 995 636 1086 apud
661 995 817 1083 populum
846 993 1047 1071 defenderit,
1095 994 1129 1061 in
1159 1014 1214 1062 eos

125 1113 236 1176 tamon
248 1106 422 1195 optimates
433 1106 488 1196 qui
504 1107 595 1175 novis
607 1107 752 1175 moribus
766 1106 998 1196 rhetorumque
1021 1126 1060 1174 ac
1077 1106 1214 1195 sophis-

127 1227 232 1288 tarum
254 1219 434 1309 disciplinis
453 1218 503 1288 vel
529 1219 661 1287 minime
684 1218 868 1287 alliciuntur
881 1224 1026 1298 armata,
1044 1218 1216 1308 disjunctis

126 1334 284 1403 hactenus
296 1333 453 1423 exemplis
467 1340 501 1401 et
509 1333 601 1423 quasi
616 1331 816 1402 adumbratis
829 1331 1032 1400 lineamentis
1045 1338 1215 1400 monstra-

123 1448 251 1531 vimus;
290 1447 407 1538 quibus
441 1455 549 1517 autem
586 1446 711 1516 artibus
745 1447 786 1515 ad
825 1447 1008 1536 hujusmodi
1040 1447 1214 1535 opiniones

123 1567 262 1637 tuendas
289 1586 348 1635 usa
373 1565 481 1645 luerit,
505 1566 723 1655 Aristophane
749 1566 904 1640 attentius
928 1567 1085 1655 perlecto,
1118 1588 1215 1658 quem

126 1699 225 1747 unum
240 1698 279 1747 ex
291 1678 422 1768 antiqua
433 1679 594 1748 comoedia
607 1700 683 1749 vere
696 1680 904 1769 superstitem
914 1681 1111 1768 accepimus,
1126 1702 1217 1770 pers·

125 1791 257 1881 picuum
280 1792 385 1880 magis
417 1792 590 1861 beblum
619 1793 751 1862 demum
780 1793 867 1861 unde
902 1792 1058 1862 mirabilis
1082 1801 1217 1863 exortus

127 1905 169 1973 sit
184 1905 382 1975 comicorum
404 1925 582 1974 consensus
596 1906 777 1996 intelligere
796 1906 917 1975 licebit.
942 1905 1019 1987 Quis
1041 1905 1128 1974 enim
1153 1927 1218 1974 non

130 2016 265 2085 miratur
281 2015 366 2105 quod
382 2016 530 2085 homines
543 2018 672 2105 poetica
687 2018 895 2087 aemulatione
908 2018 992 2085 inter
1006 2037 1041 2086 se
1059 2017 1153 2085 divisi
1177 2017 1219 2085 ad

129 2127 244 2197 eadem
258 2127 428 2216 probanda
440 2128 717 2219 vituperandaquc
737 2133 896 2219 perpetuo
916 2135 1058 2197 cocunt?
1078 2130 1166 2198 locis
1185 2136 1219 2199 et

129 2239 411 2309 criminationibus
427 2241 661 2330 Aristophanes
675 2247 709 2310 et
728 2241 861 2331 Eupolis
875 2261 948 2309 sese
965 2240 1102 2309 invicem
1117 2261 1219 2311 exer-

130 2372 248 2437 cuere3
264 2353 459 2422 oomoediam
472 2354 591 2443 nempe
608 2355 660 2424 vel
681 2355 796 2424 saltem
817 2375 933 2423 scenas
949 2355 1094 2444 integras
1108 2355 1150 2424 ab
1165 2353 1218 2424 illo

130 2463 191 2533 sibi
200 2465 372 2553 subreptas
382 2465 527 2554 queritur
535 2467 947 2556 mistophanes13bupolis
955 2474 1067 2535 eontra
1075 2470 1215 2554 Equites,

132 2578 238 2648 utsibi
248 2585 282 2646 et
293 2582 487 2666 cclvopoetae
497 2599 702 2649 communem
712 2581 888 2664 vindicat²;
904 2601 979 2649 mcx
986 2581 1221 2669 Aristophanes

132 2694 280 2783 Eupolim
295 2696 402 2784 arguit
417 2698 553 2785 juvenes
568 2703 797 2787 corrupturum
815 2697 986 2786 palaestras
1005 2702 1038 2764 et
1051 2697 1220 2787 gymnasia

132 2807 340 2891 circumire⁸;
369 2810 455 2878 idem
468 2809 586 2900 frigida
599 2811 986 2900 Ammsiaeethrynichi
1001 2811 1136 2879 dicteria
1149 2832 1223 2880 sese

133 2919 217 2989 terre
230 2940 327 3008 posse
355 2928 454 3010 negat
463 2921 487 2990 ⁴.
507 2925 549 2991 bt
567 2944 666 3014 quum
688 2924 749 2994 sibi
764 2924 903 2992 invicem
918 2923 1033 2996 comici
1046 2923 1223 3013 scriptores

134 3032 379 3116 insultaverunt,
398 3055 510 3104 rursus
530 3035 563 3106 in
586 3037 690 3106 aciem
713 3042 825 3105 contra
840 3035 1018 3125 plebicolas
1043 3043 1076 3104 et
1099 3037 1222 3126 antiqui

135 3147 235 3214 moris
247 3152 488 3236 contemptores
497 3149 601 3239 Juucti
616 3150 808 3239 procedunt.
823 3154 890 3219 Neo
901 3149 1110 3237 Aristophani
1123 3150 1224 3219 Cleo-

136 3283 222 3339 nem,
240 3266 405 3333 Socratem
427 3263 655 3352 Euripidemve
676 3264 836 3332 deridenti
861 3262 994 3351 Eupolis
1014 3270 1047 3331 et
1068 3263 1223 3352 bmipsiae

134 3374 288 3443 auxilium
300 3395 441 3465 unquam
456 3376 559 3445 deest.

171 3707 180 3748 ¹
202 3707 341 3778 Aristopb„
358 3707 437 3773 Noa„
450 3726 474 3766 v.
496 3707 628 3768 esa-554.
644 3729 672 3752 =
692 3711 705 3746 ²
723 3710 806 3766 Sebol.
824 3708 961 3781 Ammopb„
978 3711 1008 3765 ad
1021 3710 1101 3772 Nola,
1118 3729 1142 3766 v.
1159 3711 1221 3768 540.

135 3820 167 3842 ==
185 3795 194 3824 ⁸
215 3795 263 3861 ld„
305 3796 434 3858 ibid.,ad
454 3797 539 3870 Vmp..
557 3816 580 3855 v.
598 3799 676 3857 1025.
704 3815 731 3836 =
758 3797 915 3868 ‘tristopb
932 3797 1010 3863 llum,
1032 3815 1055 3854 v.
1075 3800 1168 3857 13-18.
1189 3829 1222 3840 -

136 3881 207 3937 Prol.
225 3883 255 3940 Xl
268 3889 294 3938 et
308 3884 362 3949 llll,
381 3884 445 3940 llibl.
460 3885 542 3940 llidot.

598 3984 601 3988 .
614 3977 774 3988 .-..-..—0..-.
