2684 4508
560 224 700 304 ..81-

93 450 216 516 ciorum
253 467 291 514 ac
324 446 382 513 lori
409 444 672 523 timidissimum,
702 443 754 532 qui
790 463 857 510 rom
887 463 1015 511 ornnem
1037 445 1174 531 pecunia

93 581 291 651 corrrponore
305 544 478 628 festinavit.
496 562 576 627 Cum
592 557 799 627 nobilissimis
812 559 995 628 oratoribus
1010 565 1175 628 certamen

94 676 176 743 inire
189 674 339 763 pessima,
364 678 451 741 notae
465 670 589 740 delator
605 691 668 738 non
683 671 800 748 audet,
821 672 995 740 Horatiano
1018 672 1174 740 maledico

94 787 226 866 similis,
247 787 300 876 qui
316 787 523 855 immerentes
536 784 681 873 hospites
695 790 810 861 vexat,
844 785 934 852 canis
955 780 1090 873 ignavus
1111 785 1176 853 ad-

94 924 207 972 versus
229 904 334 992 lupos.
363 905 403 970 ht
424 901 633 990 magistratus
656 899 744 977 adit,
770 920 851 988 quos
876 907 963 967 sorte
989 900 1177 989 designatos

96 1019 195 1087 luisse
210 1017 341 1094 scimus,
358 1022 391 1082 ot
405 1015 557 1085 oratoria
572 1013 668 1089 artis,
686 1013 735 1080 vel
750 1013 857 1101 potius
876 1013 1012 1081 lorensis
1024 1013 1176 1082 versutia

95 1133 294 1221 aliquantum
313 1130 460 1218 ignaros3
487 1128 648 1216 aquibus
669 1125 863 1193 delationem
879 1126 1069 1205 minitando,
1089 1127 1178 1194 valer

96 1247 150 1314 ille
162 1244 332 1312 criminum
348 1242 495 1310 inventor
509 1247 542 1309 ct
554 1241 651 1309 rebus
671 1239 829 1327 augendis
845 1246 910 1307 tam
927 1240 1061 1309 callidus
1081 1259 1178 1329 pecu-

98 1361 185 1428 niam
198 1363 385 1447 extorquet¹
404 1381 412 1438 ;
430 1362 579 1424 metuunt
599 1361 686 1428 enim
702 1355 856 1448 ἄρχοντες
871 1377 911 1423 ne
926 1357 1035 1444 elapso
1062 1362 1179 1444 potcs-

96 1474 173 1541 tatis
189 1492 294 1549 anno,
313 1471 360 1539 rei
375 1471 416 1539 ad
427 1469 554 1559 judices
570 1472 728 1558 citentnr;
746 1477 796 1544 vel
817 1476 926 1551 etiam,
945 1477 1118 1560 antequam
1138 1468 1177 1537 ad

97 1588 195 1655 tinem
210 1587 285 1654 anni
307 1585 517 1665 devenerint,
535 1587 576 1655 ab
592 1587 674 1656 irato
700 1590 820 1678 populo
830 1589 1007 1677 jubeantur
1022 1590 1178 1672 myrteam

98 1720 252 1770 coronam
277 1682 473 1787 deponeret
505 1701 711 1769 Exercituum
738 1723 865 1792 qnoque
893 1700 993 1768 ducos
1016 1697 1179 1767 interdum

97 1814 288 1904 aggreditur
301 1814 504 1902 sycophanta
517 1835 615 1903 quos,
635 1817 661 1883 si
676 1817 848 1903 pecuniam
868 1815 929 1903 ipsi
946 1810 1176 1887 recusaverint,

98 1927 278 1996 maledictis
301 1929 387 2016 apud
405 1928 559 2018 populum
574 1935 708 2007 onerat,
733 1950 794 1997 nec
811 1925 1083 2016 sterquiliniorum
1104 1925 1182 2011 qui-

98 2041 173 2111 dom
188 2042 396 2130 praefecturae
411 2042 602 2112 exercendae
622 2048 716 2131 aptos
731 2044 929 2132 prolltetur³.

144 2171 297 2253 Quamvis
320 2176 428 2238 autem
456 2192 557 2260 gravo
585 2172 694 2240 odium
725 2180 868 2241 armatus
890 2174 921 2241 in
944 2193 1057 2241 omnes
1081 2193 1182 2262 syco-

101 2285 223 2373 phanta
239 2284 300 2353 sihi
313 2286 520 2359 contlaverit,
539 2307 556 2352 a
572 2287 681 2354 multis
707 2294 814 2354 tamen
841 2288 1043 2355 necessarius
1067 2286 1183 2376 reipu-

99 2399 197 2468 hlicae
216 2399 400 2488 judicatur;
431 2399 578 2468 odiosum
604 2400 690 2468 enim
719 2421 808 2478 enm,
834 2400 891 2468 sed
918 2400 1048 2488 vigilem
1072 2399 1181 2489 populi

101 2533 216 2582 canem
240 2514 384 2603 plerique
405 2533 477 2583 esse
499 2513 630 2594 dicunt,
667 2522 700 2582 et
734 2516 841 2584 aerarii
871 2516 996 2585 furibus
1024 2516 1182 2583 acerrimo

101 2626 316 2695 allatrantem.
334 2631 424 2695 Hanc
437 2648 514 2695 vero
526 2626 652 2695 laudem
665 2629 845 2697 istiusmodi
862 2629 1045 2698 hominihus
1056 2629 1182 2717 eripere

101 2721 189 2807 omni
204 2759 267 2828 ope
293 2740 405 2808 nititur
426 2740 674 2808 Demosthenes.
695 2769 708 2802 «
735 2746 815 2809 Noa
844 2741 1077 2830 Sycophantis,
1110 2741 1183 2808 cla-

102 2859 190 2931 mat,
222 2853 444 2941 improborum
466 2853 582 2921 civium
606 2874 776 2922 numerum
807 2855 856 2922 vel
885 2855 1058 2945 nequitiam
1084 2854 1183 2921 minui

59 3018 63 3025 -
103 2970 267 3052 credatis3
299 2976 465 3037 utcontra
491 2971 626 3038 multum
661 2973 785 3060 augeri.
812 2972 925 3054 AErarii
963 2972 1048 3039 enim
1075 2970 1180 3047 fures,

104 3107 203 3176 quum
231 3108 266 3155 se
294 3087 428 3156 abistis
455 3087 570 3175 inspici
596 3087 798 3176 intelligant,
830 3089 952 3176 ingenti
972 3088 1109 3176 pecunia
1132 3087 1184 3155 si-

105 3201 238 3270 lentium
253 3209 381 3280 emunt,
408 3222 505 3291 quam
520 3207 557 3270 ut
575 3203 699 3272 solvere
714 3198 855 3291 possint,
887 3202 969 3269 lurta
996 3201 1182 3289 duplicant,
1250 3248 1252 3255 -

104 3320 156 3393 ct,
186 3319 315 3384 tacente
333 3315 555 3405 sycophanta,
587 3317 718 3405 impune
745 3312 925 3382 aut‘ernnt⁴.

218 3529 328 3537 ...-.--—
339 3527 350 3534 .-

145 3667 150 3706 ¹
171 3667 312 3730 llemosth.‚
329 3667 388 3723 odo.
404 3667 552 3740 Aristogit,
569 3685 596 3722 or
612 3669 629 3732 1,
645 3686 667 3722 c.
683 3671 715 3726 41
733 3669 776 3737 (in
792 3669 851 3725 edit.
869 3670 971 3724 l'zemel.
995 3668 1130 3726 athahid.
1148 3668 1188 3722 in·

106 3754 202 3826 serta).
213 3770 242 3792 =
263 3754 338 3818 2111..
354 3754 411 3811 adv.
427 3756 531 3810 'l'heocr
547 3799 552 3819 ,
568 3773 592 3811 c.
613 3755 645 3809 ”ll
669 3763 693 3810 et
717 3757 761 3812 ⁰28.
786 3757 831 3810 llio
846 3757 1008 3828 magistratus
1024 3757 1108 3811 videre
1123 3764 1191 3810 esta

105 3841 195 3913 populo
210 3858 300 3896 corona
314 3852 413 3898 aranos.
429 3857 457 3878 =
474 3843 553 3905 ild,
574 3842 633 3897 odo.
649 3843 796 3914 Aristogit,
814 3859 842 3898 or
858 3845 876 3906 l,
892 3861 914 3899 c.
932 3845 976 3898 lll.
992 3843 1115 3907 =⁴1d.‚
1132 3846 1189 3902 adr.

107 3929 213 3995 Thrac..
230 3945 252 3984 c.
270 3930 314 3986 dl.

980 4025 995 4074 6
