2684 4508
593 239 748 293 -115-

174 435 370 502 ltlaucoucm
386 454 461 500 roro
474 439 495 511 ¹,
514 453 611 502 uuum
635 454 675 502 ex
698 433 875 522 discipulis,
891 455 990 523 quum
1009 434 1211 522 publicorum

128 547 335 636 vectigalium
364 567 402 615 ac
429 548 528 616 totius
557 547 674 617 Atticae
701 547 747 614 rei
776 546 1040 615 administraudae
1067 548 1209 637 ignarus,

130 660 285 753 populum
308 665 416 728 tamen
439 659 555 749 alloqui
580 664 683 749 paret,
712 659 753 727 de
778 642 827 726 his
850 660 1000 728 omuibus
1021 659 1210 750 interrogat,

129 784 302 856 scrutatur,
320 784 353 845 et
376 777 513 846 inscitiae
538 777 722 845 convictum
744 797 763 843 a
783 784 941 866 suggestu
965 777 1214 846 conscendendo

104 935 109 944 -
128 889 283 958 deterret.¹
300 890 404 958 Alium
419 896 527 958 autem
542 889 724 980 quemdam,
749 889 803 978 qui
826 888 917 957 ducis
939 910 1056 958 munus
1075 891 1209 979 appetit,

130 1000 169 1068 ad
197 1002 336 1089 peritum
369 1003 415 1070 rci
450 1002 596 1071 militaris
628 1003 818 1091 magistrum
854 1002 968 1080 mittit,
1002 1023 1164 1092 quumque
1196 1023 1214 1070 a

129 1113 363 1203 Dionysiodoro
375 1134 489 1184 omues
502 1114 671 1184 ordinandi
685 1115 845 1203 exercitus
856 1115 969 1183 modos
982 1116 1118 1184 edoctus
1126 1118 1215 1205 juve·

130 1229 180 1296 uis
194 1227 287 1305 redit,
307 1248 418 1297 rursus
440 1249 514 1297 eum
530 1234 642 1318 ‚tentat
666 1233 826 1306 Socrates,
854 1235 1002 1298 metucns
1027 1229 1150 1298 scilicet
1175 1250 1215 1298 ne

127 1340 203 1430 quid
219 1342 395 1410 necessarii
412 1343 557 1411 omiserit
571 1348 768 1431 praeceptor.
790 1369 802 1402 l
823 1346 952 1411 Frustra
974 1343 1070 1420 euim,
1098 1345 1211 1433 iuquit,

129 1478 146 1524 a
176 1456 295 1546 populo
331 1458 431 1526 duces
461 1456 609 1545 eligimur
644 1455 702 1524 uisi
731 1456 823 1524 ducis
850 1456 954 1524 officia
984 1457 1119 1545 implere
1141 1459 1214 1526 cal-

130 1569 302 1640 lemus2.»

175 1718 261 1802 Ergo
281 1710 424 1801 equitum
444 1708 635 1797 magistrum
654 1706 863 1775 vehementer
887 1707 1034 1776 hortatur
1062 1715 1098 1776 ut
1116 1729 1216 1798 equos

129 1827 317 1916 equitesque
332 1824 392 1892 sihi
415 1822 606 1892 commissos
621 1821 771 1889 meliores
794 1821 952 1903 efficiat³3
979 1821 1023 1889 nil
1045 1822 1131 1890 euim
1153 1823 1216 1893 hoc

130 1943 254 2010 honore
266 1938 394 2026 iuauius
409 1937 435 2005 si
450 1957 490 2004 ex
503 1955 542 2003 eo
556 1934 690 2024 gloriola
705 1939 832 2003 tautum
845 1934 1013 2023 quaeritur.
1031 1939 1094 2004 Eas
1107 1942 1215 2005 aulem

129 2052 257 2143 plurimi
272 2052 365 2120 dotes
379 2049 457 2118 facit
478 2070 536 2139 per
550 2068 630 2139 quas
645 2068 697 2116 res
716 2066 829 2115 omnes
848 2047 969 2135 optime
991 2046 1215 2119 administrau-

128 2175 192 2245 tur,
210 2163 446 2254 providentiam
460 2162 593 2240 scilicet,
613 2182 652 2230 ac
670 2161 856 2249 regularum
868 2159 1118 2240 observantiam,
1137 2182 1215 2230 rec-

128 2283 216 2372 tique
230 2280 353 2381 ordinis
367 2298 544 2346 amorem«
556 2276 683 2345 Privata
699 2275 830 2364 negotia
847 2254 1057 2354 moderando,
1070 2274 1210 2364 publica,

127 2395 242 2485 inquit,
259 2400 443 2485 temperare
456 2391 620 2469 discimus,
638 2411 700 2459 nec
713 2391 798 2488 iuter
811 2393 931 2463 bouum
956 2392 1213 2482 dispensatorem

125 2509 314 2597 bonumque
328 2504 488 2575 exercitus
502 2503 619 2572 ducem
631 2503 767 2572 multum
782 2503 949 2574 interest⁴.
970 2533 984 2566 s

173 2642 451 2726 Quemadmodum
469 2642 610 2731 impares
624 2644 778 2733 regeudae
797 2644 918 2712 civitati
933 2650 965 2712 et
979 2664 1088 2713 rerum
1100 2645 1214 2734 publi-

127 2778 239 2828 carum
254 2757 373 2827 inscios
386 2756 534 2825 homines
546 2777 564 2823 a
578 2761 735 2846 suggestu
750 2763 783 2825 et
795 2758 1038 2846 magistratibus
1052 2765 1209 2838 amoveo,

128 2878 173 2945 ita
188 2876 278 2953 alios,
291 2895 372 2965 quos
383 2874 552 2963 peritiores
563 2875 698 2963 judicat,
712 2875 745 2942 in
759 2877 949 2945 concionem
962 2877 1213 2966 locuturospro·

130 2986 200 3055 dire
212 2987 316 3075 jubet.
340 2985 523 3054 Charmidea
539 3005 666 3073 nempe,
680 2985 852 3054 Glaucouis
866 2986 1071 3077 Platonisque
1084 2989 1214 3078 propin·

129 3120 204 3189 quo,
222 3098 352 3177 suadet,
377 3103 413 3166 ut
426 3097 557 3166 nimiam
572 3098 659 3166 illam
672 3097 782 3166 vincat
795 3088 1044 3178 verecundiam,
1062 3085 1125 3188 qua
1138 3118 1213 3190 sug·

130 3217 259 3300 gestum
287 3209 506 3279 conscendere
525 3217 678 3278 vetetur:
712 3237 726 3272 r
755 3211 837 3292 Quid
864 3211 1000 3290 metuis,
1031 3211 1150 3302 inquit,
1180 3212 1212 3280 iu

130 3324 276 3413 populari
292 3325 472 3392 concione?
493 3327 574 3391 Num
588 3329 730 3402 sutores,
748 3325 900 3402 cerarios,
917 3324 1038 3404 fabros,
1057 3327 1207 3403 rusticos,

132 3567 370 3580 *—

172 3735 179 3763 ¹
201 3735 326 3806 llenoplr„
343 3735 491 3804 Memorat„
516 3737 543 3792 L.
560 3737 604 3804 ln,
620 3754 641 3793 c.
657 3735 688 3794 lt
701 3753 728 3773 =
745 3740 757 3776 ²
775 3738 824 3804 ld„
861 3738 934 3804 ihil..
969 3740 997 3796 L.
1013 3739 1064 3804 111,
1089 3757 1112 3795 c.
1129 3740 1155 3795 ἓ.
1180 3761 1214 3788 =

133 3824 213 3887 ild..
252 3824 325 3899 ibid,
347 3825 652 3893 u.111,c.3.=⁸1d,.
692 3826 1102 3896 inid.‚L.111,c.t.=⁵lu.,
1141 3829 1213 3896 niu,

136 3913 162 3966 Ι,Ι
178 3913 221 3980 lu,
236 3931 259 3968 c.
276 3914 301 3977 7,
316 3914 341 3968 in
355 3915 415 3970 fine.
