2684 4508
596 199 738 251 -48-

125 396 308 484 accipiant,
335 393 485 461 undecim
500 393 573 461 ideo
588 414 690 462 annos
712 395 743 461 in
761 395 923 483 legatione
939 403 1152 472 consumunt,
1175 403 1208 463 ut

126 508 299 577 drachmas
312 508 440 596 possint
452 508 486 574 in
503 507 662 575 inlinitum
678 528 867 596 congerere.
893 512 1031 577 Suavem
1046 516 1208 597 praeterea

125 626 224 693 vitam
249 624 427 702 ducentes,
461 622 599 691 Persicis
627 623 790 710 carpentis
816 643 876 711 per
899 644 1044 692 amoenos
1075 644 1209 712 campos

125 738 264 808 molliter
286 738 382 816 vecti,
402 736 496 804 dulce
519 736 629 804 vinum
642 736 887 805 cumThracum
902 758 981 825 rege
1004 738 1205 826 ligurientes,

124 850 219 919 tritos
232 848 396 918 laboribus
406 849 493 918 cives
506 849 599 917 facile
614 850 857 929 obliviscuntur,
875 851 1088 919 necAthcnas
1103 852 1209 919 redirc

125 972 175 1034 tot
185 966 358 1034 taediorum
373 970 498 1053 purtem
512 964 653 1033 vicissim
667 966 791 1054 capturi
813 967 966 1036 festinant
986 979 1001 1032 ¹.
1028 965 1118 1033 lllinc
1132 987 1208 1034 vero

128 1098 282 1167 pavones,
301 1079 448 1168 ignotum
460 1081 567 1148 avium
581 1099 701 1167 genus,
720 1079 889 1157 reducunt,
908 1084 941 1147 et
962 1074 1041 1147 falsa
1054 1079 1124 1147 auri
1138 1099 1210 1167 pro

128 1192 243 1270 misse,
268 1199 301 1260 et
318 1192 433 1261 falsum
448 1193 558 1282 magni
574 1191 661 1281 regis
676 1191 819 1280 legatum
840 1212 914 1259 cum
930 1193 1009 1260 falso
1024 1192 1209 1260 Athenien-

127 1305 210 1373 sium
236 1306 459 1373 eunuchorum
479 1305 653 1384 comitatu,
690 1309 722 1372 et
749 1304 906 1374 barbaras
938 1305 1007 1373 illas
1033 1306 1205 1383 cohortes,

126 1421 242 1488 atticos
257 1441 372 1509 agros,
391 1420 588 1489 locustarum
604 1421 689 1499 ritu,
707 1421 982 1509 populabundas'.

171 1558 337 1626 Canticum
361 1578 439 1626 sane
464 1557 705 1646 spectaculum,
739 1565 786 1637 et,
819 1560 914 1627 utin
945 1559 1072 1629 theatro
1104 1560 1205 1640 solet,

125 1672 224 1740 rebus
242 1671 320 1759 ipsis
335 1672 440 1759 magis
454 1671 645 1750 ridiculum,
675 1692 738 1739 non
756 1677 867 1740 tamen
885 1673 929 1741 ita
944 1693 1021 1742 vero
1035 1673 1206 1750 dissimile,

127 1786 252 1855 utindc
272 1786 487 1855 Athenienses
500 1785 652 1854 salutaria
667 1785 760 1853 simul
785 1786 985 1885 honestaque
1014 1778 1209 1856 documenta

130 1920 193 1968 non
207 1900 386 1968 haurirent.
403 1898 556 1967 Sitalcem
571 1898 658 1966 enim
677 1899 777 1976 illum,
794 1918 834 1965 ex
850 1920 914 1988 quo
938 1904 1046 1969 tantas
1072 1901 1207 1988 copias,

128 2020 217 2082 tanta
231 2012 347 2081 auxilill
361 2013 547 2102 sperabant,
563 2012 765 2100 Thucydides
779 2011 849 2100 ipse
860 2004 954 2081 nobis
967 2018 1076 2081 narrat
1086 2015 1210 2102 ingenti

128 2132 298 2216 apparatu,
326 2127 496 2194 innumero
524 2145 625 2214 prope
649 2126 802 2214 agmine,
825 2125 946 2194 vicinas
972 2107 1031 2195 sibi
1058 2127 1215 2216 regiones

127 2241 299 2318 invasisse,
329 2260 404 2309 mox
430 2259 507 2308 vero
521 2238 712 2307 discessisse
727 2238 902 2327 frigoribus
917 2246 949 2308 et
971 2246 1210 2308 commeatuum

131 2354 239 2444 inopia
253 2354 444 2443 impeditum
458 2363 480 2421 ³.
513 2358 640 2422 lncerto
669 2353 767 2441 igitur
781 2358 814 2420 et
833 2351 935 2419 inutili
960 2354 1046 2420 socio
1074 2352 1211 2421 multum

131 2467 294 2537 confidere
320 2467 545 2537 stultissimum
558 2473 638 2537 erat.
666 2558 668 2562 Α

174 2610 266 2691 Quod
281 2610 321 2678 ad
336 2613 452 2678 Persas
467 2611 592 2689 attinet,
610 2611 769 2698 capotius
783 2631 857 2700 quae
878 2611 985 2678 facere
1006 2611 1212 2680 meditaren-

129 2730 183 2793 tur
196 2724 422 2805 Athenienses,
449 2746 546 2815 quam
567 2747 642 2816 quae
663 2726 769 2814 reipsa
793 2724 947 2795 iecissent
958 2725 1210 2815 Aristophanem

127 2839 313 2927 vituperare
328 2837 471 2907 credam.
487 2838 690 2927 Thucydides
705 2838 791 2908 enim
804 2838 864 2908 sub
877 2839 975 2906 finem
992 2842 1116 2928 septimi
1137 2848 1213 2930 post

128 2952 250 3021 bellum
263 2954 429 3040 inceptum
441 2952 517 3019 anui
532 2952 573 3020 ab
585 2952 838 3022 Atheniensibus
851 2953 960 3032 refert,
977 2958 1212 3042 Spartanorum

130 3066 314 3155 exemplum
341 3066 472 3145 secutis,
501 3067 626 3155 legatos
658 3066 699 3134 ud
727 3072 850 3157 Regem
876 3067 992 3137 missos
1019 3068 1130 3146 luisse,
1158 3069 1213 3159 qui

131 3199 230 3269 quum
256 3181 465 3249 Artaxerxem
488 3183 650 3248 mortuum
676 3180 890 3268 accepissent,
917 3180 1022 3249 medio
1045 3182 1078 3248 in
1097 3181 1212 3251 itinere

133 3292 385 3375 constiterint-³3
428 3292 683 3382 Aristophaneus
722 3313 798 3362 vero
836 3295 1030 3382 nicaeopolis
1068 3296 1213 3383 queritur

128 3555 372 3569 *ιι-υ*

171 3762 182 3800 ’ῑ
201 3771 328 3843 Aristoph.
339 3773 465 3840 Acheru,
478 3795 502 3832 v.
517 3777 551 3833 lo
563 3785 588 3834 ol
600 3796 654 3852 sqq.
668 3782 720 3840 ε’
739 3783 786 3843 ld..
825 3782 896 3849 ibid,
911 3801 935 3838 v.
953 3784 1069 3841 lot=³
1088 3784 1211 3856 Thucyd,

136 3857 164 3911 li.
180 3859 240 3922 ll‚c
266 3860 369 3915 l01.=
396 3863 405 3890 ⁴
426 3864 510 3930 ld.,in
525 3865 588 3921 libro
603 3869 642 3932 lll,
659 3886 682 3923 c.
698 3869 742 3924 50.
