2684 4508
595 287 738 341 ..83-

126 487 234 555 didem
256 487 286 553 in
312 484 457 569 exsilium
477 485 621 573 ejicient,
647 486 813 554 aerarium.
839 485 1015 556 exercitus,
1044 484 1204 560 triremes,

122 600 254 688 judicia,
273 600 447 667 conciones
460 600 593 667 arbitrio
609 619 667 667 suo
681 607 796 686 regent
811 621 849 666 ac
864 599 1040 666 versabunt
1052 607 1073 663 ¹.
1124 659 1127 664 .

171 735 260 802 Multi
277 753 354 801 vero
376 739 465 800 tanta
487 753 619 821 sperare
641 752 705 798 non
727 733 857 807 audent,
885 731 940 799 sed
960 730 1209 798 Demosthenico

128 846 338 935 Aristogitoni
352 846 483 923 similes,
503 846 534 914 in
546 845 737 914 accusandis
752 866 859 913 rerum
875 845 1077 935 publicarum
1092 837 1210 910 mode-

128 959 289 1028 ratoribus
303 965 432 1047 tempus
444 979 640 1048 operamque
655 966 864 1037 consumunt,
883 964 916 1026 et
930 959 961 1026 in
972 937 1091 1046 judicia
1107 957 1212 1044 magis

126 1079 223 1161 quam
245 1072 277 1139 in
300 1071 473 1140 conciones
488 1071 618 1160 prodire
635 1072 750 1150 soient,
769 1072 818 1137 vri
834 1073 860 1139 si
875 1072 1003 1159 quaudo
1021 1078 1211 1160 suggestum

128 1183 386 1262 conscenderint,
400 1183 432 1249 in
446 1183 545 1250 duces
556 1203 595 1250 ac
607 1183 816 1271 magistratus
826 1183 880 1272 qui
891 1182 1088 1251 minantibus
1098 1193 1219 1249 aurum·

127 1317 191 1363 uon
226 1286 376 1364 dederint
401 1294 608 1363 vociferando
633 1275 888 1362 debacchantur.
925 1294 1077 1375 Quamvis
1104 1300 1211 1362 autem

126 1411 223 1478 istum
244 1411 478 1478 Demosthenes
499 1409 586 1477 dicat
600 1408 684 1476 inter
697 1409 915 1502 sycophantas
934 1408 1074 1497 primum
1091 1415 1124 1474 et
1137 1428 1213 1474 me-

124 1527 213 1594 dium
226 1532 259 1594 et
272 1532 471 1614 postremum
487 1526 592 1592 iocum
606 1524 763 1595 obtinere.
781 1524 976 1591 Theocrines
989 1525 1066 1591 mihi
1084 1523 1212 1591 videtur

126 1637 255 1724 ignavia
268 1643 301 1704 et
317 1637 425 1725 pravis
443 1635 566 1703 artibus
586 1635 837 1723 Aristogitonem
853 1656 1019 1724 superare.
1044 1640 1212 1725 Nunquam

126 1750 259 1817 enimin
274 1750 462 1818 concionem
478 1749 530 1815 iile
544 1748 675 1836 prodiit,
695 1768 756 1814 nec
770 1748 870 1815 nilum
886 1749 1005 1836 populo
1024 1749 1114 1816 dedit
1128 1769 1213 1816 con-

127 1863 250 1939 silium,
269 1860 325 1928 sed
339 1865 428 1928 totus
444 1859 574 1947 ‚iudiciis
598 1859 829 1947 calumniisque
845 1859 1001 1927 incubuit.
1024 1863 1089 1926 Nec
1103 1865 1212 1926 tamen

128 1997 163 2044 se
175 1975 291 2064 patriae
306 1974 477 2041 exitiosum
491 1972 540 2039 vel
565 1972 709 2039 inutilem
726 1973 859 2050 fatetur,
876 1978 1036 2040 utcontra
1053 1973 1212 2040 vindicem
1286 1955 1288 1960 ¹

127 2108 162 2155 se
178 2088 287 2175 legum
301 2092 334 2153 et
348 2085 512 2172 popularis
527 2084 653 2172 imperii
669 2085 817 2152 columen
832 2085 1008 2153 existimari
1021 2086 1108 2153 velit.
1130 2085 1212 2153 Olim

127 2204 236 2279 etiam,
250 2202 422 2269 occasione
432 2206 571 2287 arrepta,
582 2199 755 2289 quamdam
770 2200 959 2287 reipublicae
970 2191 1107 2287 pa'rtem,
1121 2220 1212 2289 quasi
1267 2260 1271 2265 .
1289 2196 1293 2203 “

127 2315 247 2404 angulo
263 2314 380 2390 latens,
399 2333 515 2401 regere
534 2313 681 2379 tentavit.
699 2314 802 2380 Fratri
818 2314 903 2381 enim
919 2314 971 2402 qui
988 2315 1212 2401 magistratum

127 2412 261 2499 sortitus
289 2436 366 2496 erat·
391 2430 523 2517 ejusque
550 2427 684 2515 collegis
711 2433 775 2495 tam
805 2449 903 2516 prava
934 2429 1051 2504 suasit,
1080 2433 1114 2495 ut
1140 2422 1221 2514 irati

126 2541 342 2610 Athenienses
363 2541 496 2607 fratrem
510 2545 671 2627 potestate
687 2540 845 2616 exuerint,
866 2545 898 2606 et
923 2540 953 2605 in
976 2539 1116 2627 quinque
1133 2540 1213 2612 aiios

124 2654 374 2731 thesmothetas,
392 2653 452 2719 nisi
474 2652 513 2719 ad
537 2651 663 2718 intimas
680 2673 793 2739 preces
808 2651 1069 2729 descendissent,
1092 2653 1213 2739 pariter

126 2767 270 2837 saevituri
286 2766 417 2834 fuerint.

171 2892 264 2960 Aliud
300 2896 407 2958 autem
445 2891 477 2956 iu
512 2890 736 2978 Aristophanis
768 2875 906 2956 Avibus²
939 2888 1212 2976 sycophantarum

126 3027 232 3100 genus
259 3005 504 3093 deprehendere
531 3005 615 3083 licet,
647 3005 700 3094 qui
724 3005 854 3092 publico
876 3005 907 3072 in
926 3004 1055 3092 judiciis
1080 3023 1213 3070 munere

127 3123 317 3209 funguutur,
336 3118 457 3205 primas
471 3122 579 3184 tamen
600 3117 631 3183 in
648 3117 908 3185 accusationibus
929 3121 1056 3203 partes,
1082 3121 1117 3182 ut
1136 3115 1214 3203 opi-

128 3255 198 3309 nor,
217 3252 316 3321 agere
340 3252 403 3298 non
432 3231 604 3299 sustinent.
637 3235 721 3298 Reos
742 3251 858 3318 nempe
882 3251 922 3297 ex
945 3230 1057 3297 insutis
1071 3229 1214 3298 Athenas
1303 3244 1310 3258 ·

123 3353 319 3443 judicandos
330 3359 458 3430 vocant,
477 3358 510 3419 et
529 3353 749 3440 apparitorum
765 3351 869 3418 officia
887 3343 1088 3439 (κλητήρων)
1105 3350 1213 3440 potius

129 3497 227 3564 quam
241 3475 462 3543 accusantium
486 3467 704 3564 (κατηγόρων)
728 3475 863 3562 impiere
876 3473 1056 3542 uidentur³‚
1076 3478 1117 3541 At
1137 3474 1214 3541 dum

133 3674 378 3684 ψη..-

120 3862 122 3865 .
165 3804 331 3874 ¹Aristoph,
346 3804 446 3877 Equit,
472 3821 496 3857 r.
518 3803 568 3862 347
583 3811 609 3858 et
625 3819 681 3874 sqq.
708 3833 743 3844 —
770 3804 799 3857 V.
815 3804 877 3859 358.
905 3818 933 3840 ==
957 3805 967 3832 ²
987 3803 1132 3872 Aristoph,
1153 3805 1216 3883 An,

131 3911 155 3948 v.
179 3892 248 3951 ltro
262 3899 288 3947 et
308 3908 363 3963 sqq.
385 3905 414 3926 =
432 3891 444 3929 5
463 3892 511 3955 ld,
532 3891 604 3955 ibid..
621 3909 645 3946 r.
660 3891 731 3950 lona
746 3892 861 3963 (κλητήρ
883 3895 1016 3947 νησιωτικὸς
1030 3891 1052 3962 ).
1068 3890 1127 3946 Vide
1142 3892 1217 3946 etiam

131 3983 201 4038 Suid.
214 3989 240 4038 ot
252 3982 373 4055 hesych,
390 3981 415 4036 in
429 3981 504 4036 verbo
522 3987 627 4050 κλητήρ.
