2684 4508
469 195 471 200 ’
547 219 685 279 ;.97..

74 417 308 487 intolerabilius
322 438 393 486 esse
408 422 556 505 poterat?
575 422 646 506 lpse
661 417 874 505 Thucydides,
887 417 941 505 qui
958 417 1156 504 Antiphonte

74 533 232 621 magistro
256 533 418 621 quondam
447 552 545 611 usus,
572 532 885 622 quadringentorum
914 530 1056 600 facinora
1080 531 1156 618 pla-

75 645 149 715 cide
176 651 209 714 et
231 646 391 735 graviter,
410 652 447 713 ut
472 647 568 725 solet,
595 652 745 724 enarrat,
766 651 799 713 et
825 645 987 714 interdum
1019 644 1154 723 minuit,

76 780 200 851 paucos
214 759 389 831 admodum
417 760 585 828 interillos
607 760 729 849 publici
744 765 850 828 motus
869 759 969 828 duces
983 759 1069 829 bona
1094 758 1159 834 side

77 892 147 940 rem
170 873 354 961 suscepisse
366 878 399 940 et
417 893 529 941 verum
543 872 681 941 civitatis
694 891 840 953 amorem
866 871 1003 960 privatae
1030 870 1158 939 utilitati

77 986 304 1073 anteposuisse
327 992 497 1055 monstrat.
521 987 666 1055 Athenas
684 985 859 1075 aquinque
876 983 1018 1054 millibus
1044 983 1160 1053 civium

77 1099 201 1188 optime
216 1098 456 1171 administratas
471 1101 609 1183 latetur;
635 1100 869 1170 Theramenem
890 1106 1000 1168 tamen
1019 1104 1052 1166 et
1065 1098 1161 1169 Aris-

77 1217 237 1280 tocratem
263 1212 369 1284 Scellii
384 1212 483 1282 hlium
507 1212 673 1302 popularis
694 1213 811 1304 gratiae
830 1211 981 1301 cupidine
1006 1212 1161 1280 adversus

78 1324 334 1414 quadringentos
349 1325 491 1415 collegas
505 1333 647 1396 armatos
661 1346 734 1396 esse
746 1326 977 1394 demonstrat'.
994 1322 1076 1408 Quid
1094 1321 1169 1392 mi-=

77 1446 150 1505 ium
164 1436 191 1504 si
209 1438 363 1525 populum
388 1439 619 1507 Atheniensem
643 1439 685 1506 ab
707 1438 889 1506 istiusmodi
904 1437 1000 1515 viris,
1023 1424 1161 1525 privatae

78 1550 206 1619 tautum
226 1552 393 1620 ambitioni
415 1552 645 1630 servientibus,
664 1558 846 1620 correctum
871 1552 909 1619 iri
935 1571 999 1619 non
1021 1550 1164 1639 sperarit

79 1656 343 1755 Aristophanes?
377 1667 409 1735 Si
457 1670 643 1755 spectantes
682 1664 849 1733 admonuit
882 1672 917 1733 ut
958 1665 1163 1741 cohaerentes

82 1786 116 1847 et
149 1779 410 1867 implexosinter
438 1799 474 1846 se
500 1778 601 1845 malos
629 1776 716 1846 cives
746 1782 939 1855 caverent,
969 1783 1002 1843 et
1026 1776 1165 1845 nefarias

17 1915 20 1921 '
82 1902 294 1970 dissolverent
309 1901 482 1970 societates
498 1891 723 1988 (irorpet'ctl‘l
747 1897 1005 1984 Quamprimum
1026 1896 1067 1964 de
1087 1916 1165 1964 mu-

51 2005 54 2020 '
81 2015 181 2082 tanda
196 2014 362 2103 republica
378 2016 560 2083 consultum
573 2021 642 2091 est,
663 2012 913 2101 Aristophanem
928 2019 1007 2101 pulo
1030 2032 1093 2080 non
1109 2012 1165 2100 ip-

82 2149 154 2198 sum
169 2128 338 2198 consilium
353 2128 565 2216 improbasse,
579 2127 636 2195 sed
649 2126 799 2197 lliltiadis
816 2126 1028 2214 Aristidisque
1039 2130 1071 2192 et
1083 2145 1166 2213 prae·

82 2242 169 2311 teriti
197 2261 300 2330 nuper
324 2240 424 2310 seculi
447 2261 642 2320 memorem,
678 2241 779 2308 malas
807 2245 894 2308 artes
920 2245 954 2335 et
979 2238 1165 2307 violentiam

83 2355 295 2433 dissuasisse,
314 2359 398 2422 elea
416 2374 491 2443 quae
505 2354 616 2448 populi
644 2352 911 2442 populariumque
929 2352 1038 2440 legum
1056 2350 1165 2436 odium

83 2467 285 2536 manifestius
299 2467 476 2556 aperirent.

128 2620 264 2691 Dicebat
281 2620 379 2697 enim,
397 2624 433 2687 ut
446 2620 562 2708 opinor
584 2644 591 2687 :
612 2620 779 2707 «vigente
790 2620 942 2698 Aristide,
960 2640 1026 2688 non
1040 2618 1166 2687 concio·

83 2735 180 2803 nibus
190 2734 282 2822 plebs
291 2731 534 2810 excludebatur,
552 2733 608 2802 sed
619 2753 717 2822 quum
734 2732 853 2801 nullam
864 2734 1048 2802 mercedem
1059 2732 1167 2801 adhuc

84 2849 117 2915 in
140 2846 270 2936 judiciis
284 2846 334 2915 rel
349 2847 382 2913 in
397 2847 554 2915 concione
573 2846 753 2934 acciperet,
781 2846 882 2916 civica
904 2849 977 2936 jura
1004 2853 1165 2936 perpetuo

85 2978 240 3028 exercerc
254 2959 318 3027 non
336 2961 365 3028 ei
387 2960 515 3028 licebat.
533 2960 692 3028 Divitibus
709 2981 799 3050 ergo,
810 2959 879 3046 *vel
890 2961 1004 3030 saltem
1019 2962 1167 3029 honestae

85 3071 280 3142 conditionis
307 3072 511 3167 hominibus,
531 3094 656 3142 summa
681 3094 789 3143 rerum
814 3073 1073 3162 permittebatur,
1090 3073 1167 3141 dum

86 3185 168 3255 alios
208 3206 286 3255 suus
325 3185 416 3255 labor
452 3192 486 3255 et
516 3187 684 3276 quaerendi
713 3187 817 3256 victus
848 3187 1025 3285 necessitas
1052 3208 1070 3254 a
1100 3208 1169 3276 po-

86 3299 181 3368 blicis
195 3300 406 3369 concionibus
419 3299 607 3389 plerumque
620 3300 841 3369 abstrahebat.
857 3305 916 3380 lta,
934 3299 1020 3368 nulla
1034 3300 1066 3369 vi
1080 3300 1169 3368 adhi-
1241 3298 1245 3316 ¹

88 3414 167 3493 bita,
187 3413 273 3484 nulla
297 3414 402 3504 plebis
426 3416 585 3484 concitata
601 3416 841 3505 indignatione,
869 3437 886 3483 a
906 3415 1169 3504 prudentioribus

96 3679 328 3692 ῥ-

128 3901 278 3973 1amaya..
292 3903 321 3957 a.
338 3902 408 3968 un,
425 3918 448 3957 ο.
464 3902 510 3956 aa.
522 3911 550 3934 -
571 3904 583 3939 2
603 3880 739 3972 aristoph,
755 3899 849 3972 tyara.
875 3917 900 3954 v.
915 3898 976 3954 su.

962 3995 978 4046 r
