2684 4508
556 201 694 255 -Π..

82 396 335 484 ponantdrgivi,
349 400 381 464 ct
391 396 575 485 priusquam
587 397 698 466 Martis
708 417 797 465 arma
815 396 949 464 induant
964 417 1003 464 ac
1015 397 1161 467 cladibus

82 509 328 587 admoneantur,
346 529 399 577 nes
414 509 567 599 repetitas
583 509 881 578 restituenevelintl
898 510 965 577 Diis
977 531 1053 579 veno
1066 511 1162 601 hujus

81 629 179 692 terrae
198 623 386 694 custodibus
405 626 528 715 patrios
541 627 682 696 honores
703 632 860 715 perpetuo
881 627 1016 706 solvant,
1037 628 1164 697 launeos

84 755 196 807 ramos·
210 737 251 807 ad
271 758 344 806 anas
364 738 508 808 senentes
526 745 772 828 mactantesque
788 739 887 808 boum
915 761 1063 830 corpora.
1084 745 1163 811 Nam

84 851 168 918 inter
185 870 347 939 supremae
362 852 497 940 justitiae
512 852 602 940 leges
616 851 688 921 baec
701 850 796 920 tentia
814 853 865 920 lex
886 860 1092 921 numeratur:
1108 858 1165 922 Pa-

84 964 360 1033 rentesveremini
376 975 391 1030 ¹.
412 990 426 1025 s

129 1095 177 1162 Ad
203 1094 367 1182 antiquam
397 1095 496 1183 igitur
522 1101 824 1185 sacrosanctumque
851 1116 997 1164 normam
1021 1097 1166 1167 consulta

87 1230 144 1278 sua
164 1207 244 1276 liber
267 1209 406 1296 populus
427 1208 563 1292 referat3
588 1214 821 1300 paternamque
841 1210 1030 1300 religionem
1051 1209 1169 1281 lidelis·

86 1322 167 1390 simo
181 1327 314 1409 pentane
332 1321 564 1409 complectatur
579 1346 586 1389 :
612 1342 727 1410 pacem
745 1343 822 1393 veno
845 1343 885 1392 nc
908 1324 1026 1413 praeliis
1045 1322 1169 1392 lacilius

87 1438 217 1514 mute-2,
237 1455 317 1503 neve
338 1435 518 1503 nectanibus
536 1434 738 1505 obtrectandi
762 1437 887 1506 studio³
899 1437 1062 1524 sapienter
1075 1437 1117 1506 ab
1130 1435 1170 1504 iis

87 1548 217 1616 decreta
234 1547 365 1617 festinet
380 1548 576 1618 rescindere.

132 1680 195 1748 Sed
211 1681 297 1749 cives
312 1678 463 1749 derebus
477 1680 615 1768 publicis
634 1680 830 1750 admonendi
848 1683 1004 1771 majorem
1020 1681 1170 1771 AEscbylo

88 1793 226 1883 praebuit
237 1792 512 1880 opportunitatem
525 1793 645 1881 petitus
659 1815 677 1861 a
691 1793 864 1882 plebicolis
884 1796 1084 1885 areopagus.
1101 1800 1171 1866 Non

89 1906 175 1975 leine
208 1910 359 1993 poterant
394 1904 597 1994 popularium
627 1906 767 1995 partium
797 1907 898 1977 duces
929 1907 1121 1996 populiscitu
1154 1928 1172 1974 a

89 2040 216 2090 summo
236 2019 289 2087 illo
304 2038 459 2089 consessu
478 2018 510 2086 in
526 2018 795 2109 disceptationem
809 2021 930 2090 vocari.
948 2021 1074 2111 Duplex
1087 2021 1173 2090 enim
1267 2051 1269 2054 ⁴

90 2153 188 2202 causa
217 2136 423 2222 Areopagum
454 2132 665 2222 optimatibus
692 2132 880 2218 addicebat;
915 2154 1013 2222 quum
1050 2134 1174 2204 scilicet

90 2248 190 2315 suncti
203 2266 337 2316 munere
350 2246 571 2336 magistratus,
586 2251 619 2315 et
628 2247 649 2314 ii
662 2248 791 2338 quidem
804 2255 879 2317 ante
890 2249 1039 2318 Aristidis
1052 2249 1170 2338 legem,

90 2382 130 2430 ex
147 2360 299 2460 ditionum
313 2359 426 2427 ordine
438 2358 544 2439 electi,
564 2360 784 2429 venerandum
804 2361 945 2430 tribunal
962 2361 1171 2451 supplerent;

90 2480 124 2543 et
136 2473 289 2541 traditum
302 2493 320 2540 a
334 2473 495 2562 prioribus
508 2473 713 2563 Areopagitis
728 2493 851 2543 morem
866 2475 1028 2544 retinerel
1039 2493 1170 2564 magno,

71 2585 242 2663 absolut,
276 2584 390 2653 bononi
416 2583 585 2653 ducerent.
611 2585 672 2654 Ubi
699 2584 799 2673 igitur
823 2605 884 2674 pen
911 2586 1053 2676 legatum
1078 2591 1174 2654 'suum

90 2697 273 2787 Ephialtem
285 2697 409 2765 cautior
422 2695 529 2764 adbuc
541 2695 682 2765 Pericles
697 2701 844 2765 sanctum
857 2696 1026 2766 consilium
1041 2693 1174 2788 aggnas

92 2832 147 2880 sus
164 2817 224 2889 est,
243 2831 307 2878 non
319 2810 421 2878 defuit
434 2807 619 2895 Eupatnidis
638 2810 775 2899 inclytus
799 2810 851 2878 ille
875 2815 981 2901 poeta,
1008 2810 1062 2900 qui
1082 2810 1175 2879 auti-

92 2924 163 3014 quis
177 2923 303 3012 legibus
320 2942 416 3010 reges
429 2942 467 2989 ac
481 2921 618 3009 populos
632 2941 748 3009 parere
758 2921 905 3011 jubebat.

136 3057 343 3142 Areopagum
355 3052 453 3140 igitun
466 3049 554 3118 omni
571 3049 737 3138 religionis
757 3056 915 3139 apparatu
934 3048 1176 3139 augustissima·

94 3188 228 3257 numque
243 3167 423 3236 fabularum
437 3164 744 3234 commemoratione
763 3162 932 3252 AEscbylus
950 3164 1172 3234 consecravit:
1296 3198 1299 3207 ·

93 3299 253 3348 summum
276 3279 362 3347 enim
382 3276 521 3346 tribunal
544 3274 585 3344 ab
610 3276 679 3364 ipsa
700 3275 858 3354 Minerva,
875 3275 1013 3345 civitatis
1027 3276 1172 3354 custode,

94 3392 304 3460 constitutum
317 3390 470 3480 depinxit,
489 3395 522 3457 et
536 3389 576 3458 ad
590 3389 675 3457 illam
695 3408 826 3456 causam
848 3390 971 3458 Orestis
984 3388 1177 3481 disceptan-

99 3609 338 3619 e-——a

136 3777 631 3850 ¹uscudamam.uastau=¹
656 3780 704 3844 ld,
742 3779 815 3845 ibid,
833 3797 856 3835 v.
872 3779 914 3835 cit.
930 3780 990 3812 ³²²³
1018 3778 1067 3844 ld,
1104 3777 1177 3843 ibid,

98 3884 123 3922 v.
136 3866 198 3925 483.
213 3883 242 3905 ==
268 3868 277 3895 ⁴
298 3868 385 3933 lsocr,
400 3870 543 3940 Areopop„
557 3869 599 3927 15.

968 3960 983 4013 2
