<?xml version="1.0" encoding="UTF-8"?>
<!DOCTYPE html PUBLIC "-//W3C//DTD XHTML 1.0 Transitional//EN"
    "http://www.w3.org/TR/xhtml1/DTD/xhtml1-transitional.dtd">
<html xmlns="http://www.w3.org/1999/xhtml" xml:lang="en" lang="en">
 <head>
  <title>
</title>
<meta http-equiv="Content-Type" content="text/html;charset=utf-8" />
  <meta name='ocr-system' content='tesseract 3.04.00' />
  <meta name='ocr-capabilities' content='ocr_page ocr_carea ocr_par ocr_line ocrx_word'/>
</head>
<body>
  <div class='ocr_page' id='page_1' title='image "./quaeinatticarep00trgoog_0143.png"; bbox 0 0 2684 4508; ppageno 0'>
   <div class='ocr_carea' id='block_1_1' title="bbox 391 832 937 931">
    <p class='ocr_par' dir='ltr' id='par_1_1' title="bbox 391 832 937 931">
     <span class='ocr_line' id='line_1_1' title="bbox 391 832 937 931; baseline -0.004 -4"><span class='ocrx_word' id='word_1_1' title='bbox 391 832 582 930; x_wconf 84' lang='lat' dir='ltr'><strong>CAPUT</strong></span> <span class='ocrx_word' id='word_1_2' title='bbox 618 835 937 931; x_wconf 86' lang='lat' dir='ltr'>SEPTlMUM.</span> 
     </span>
    </p>
   </div>
   <div class='ocr_carea' id='block_1_2' title="bbox 540 1225 772 1272">
    <p class='ocr_par' dir='ltr' id='par_1_2' title="bbox 540 1225 772 1272">
     <span class='ocr_line' id='line_1_2' title="bbox 540 1225 772 1272; baseline -0.004 -1"><span class='ocrx_word' id='word_1_3' title='bbox 540 1226 579 1271; x_wconf 78' lang='lat' dir='ltr'>oe</span> <span class='ocrx_word' id='word_1_4' title='bbox 614 1225 772 1272; x_wconf 71' lang='lat' dir='ltr'>austeros.</span> 
     </span>
    </p>
   </div>
   <div class='ocr_carea' id='block_1_3' title="bbox 625 1423 672 1437">
    <p class='ocr_par' dir='ltr' id='par_1_3' title="bbox 625 1423 672 1437">
     <span class='ocr_line' id='line_1_3' title="bbox 625 1423 672 1437; baseline 0 -2"><span class='ocrx_word' id='word_1_5' title='bbox 625 1423 672 1437; x_wconf 71' lang='grc' dir='ltr'>-Ι</span> 
     </span>
    </p>
   </div>
   <div class='ocr_carea' id='block_1_4' title="bbox 298 1614 1028 1712">
    <p class='ocr_par' dir='ltr' id='par_1_4' title="bbox 298 1614 1028 1712">
     <span class='ocr_line' id='line_1_4' title="bbox 298 1614 1028 1712; baseline 0 -26"><span class='ocrx_word' id='word_1_6' title='bbox 298 1618 319 1708; x_wconf 59' lang='lat' dir='ltr'>g*</span> <span class='ocrx_word' id='word_1_7' title='bbox 345 1614 377 1686; x_wconf 89' lang='lat' dir='ltr'>l.</span> <span class='ocrx_word' id='word_1_8' title='bbox 405 1657 453 1668; x_wconf 93' lang='lat'>-</span> <span class='ocrx_word' id='word_1_9' title='bbox 480 1615 571 1700; x_wconf 84' lang='lat' dir='ltr'>Ouid</span> <span class='ocrx_word' id='word_1_10' title='bbox 587 1615 628 1687; x_wconf 84' lang='lat' dir='ltr'>de</span> <span class='ocrx_word' id='word_1_11' title='bbox 650 1616 826 1712; x_wconf 73' lang='lat' dir='ltr'><em>republica</em></span> <span class='ocrx_word' id='word_1_12' title='bbox 847 1614 1028 1687; x_wconf 73' lang='lat' dir='ltr'><em>censuerit.</em></span> 
     </span>
    </p>
   </div>
   <div class='ocr_carea' id='block_1_5' title="bbox 123 1887 1209 3102">
    <p class='ocr_par' dir='ltr' id='par_1_5' title="bbox 123 1887 1209 3102">
     <span class='ocr_line' id='line_1_5' title="bbox 166 1887 1204 1976; baseline 0.001 -21"><span class='ocrx_word' id='word_1_13' title='bbox 166 1890 285 1955; x_wconf 80' lang='lat' dir='ltr'>Decem</span> <span class='ocrx_word' id='word_1_14' title='bbox 304 1887 406 1955; x_wconf 82' lang='lat' dir='ltr'>terme</span> <span class='ocrx_word' id='word_1_15' title='bbox 419 1908 523 1956; x_wconf 89' lang='lat' dir='ltr'>annos</span> <span class='ocrx_word' id='word_1_16' title='bbox 536 1894 611 1955; x_wconf 89' lang='lat' dir='ltr'>ante</span> <span class='ocrx_word' id='word_1_17' title='bbox 626 1892 794 1956; x_wconf 79' lang='lat' dir='ltr'><strong>Socratem</strong></span> <span class='ocrx_word' id='word_1_18' title='bbox 811 1894 904 1956; x_wconf 90' lang='lat' dir='ltr'>natus</span> <span class='ocrx_word' id='word_1_19' title='bbox 919 1887 1090 1976; x_wconf 76' lang='lat' dir='ltr'>Euripides</span> <span class='ocrx_word' id='word_1_20' title='bbox 1104 1890 1204 1975; x_wconf 86' lang='lat' dir='ltr'>(amm</span> 
     </span>
     <span class='ocr_line' id='line_1_6' title="bbox 123 2000 1205 2090; baseline 0.004 -24"><span class='ocrx_word' id='word_1_21' title='bbox 123 2004 199 2067; x_wconf 90' lang='lat' dir='ltr'>ante</span> <span class='ocrx_word' id='word_1_22' title='bbox 213 2000 289 2069; x_wconf 86' lang='lat' dir='ltr'>Chr.</span> <span class='ocrx_word' id='word_1_23' title='bbox 305 2002 369 2067; x_wconf 73' lang='lat'>484</span> <span class='ocrx_word' id='word_1_24' title='bbox 386 2000 435 2068; x_wconf 89' lang='lat' dir='ltr'>vel</span> <span class='ocrx_word' id='word_1_25' title='bbox 451 2002 552 2087; x_wconf 73' lang='lat'><strong>480),</strong></span> <span class='ocrx_word' id='word_1_26' title='bbox 572 2000 727 2090; x_wconf 89' lang='lat' dir='ltr'>quidquid</span> <span class='ocrx_word' id='word_1_27' title='bbox 746 2000 881 2069; x_wconf 70' lang='lat' dir='ltr'>Athenis</span> <span class='ocrx_word' id='word_1_28' title='bbox 894 2001 1057 2090; x_wconf 88' lang='lat' dir='ltr'>ingenuus</span> <span class='ocrx_word' id='word_1_29' title='bbox 1070 2001 1205 2070; x_wconf 90' lang='lat' dir='ltr'>adoles-</span> 
     </span>
     <span class='ocr_line' id='line_1_7' title="bbox 124 2113 1204 2197; baseline 0.003 -17"><span class='ocrx_word' id='word_1_30' title='bbox 124 2131 202 2181; x_wconf 87' lang='lat' dir='ltr'>eens</span> <span class='ocrx_word' id='word_1_31' title='bbox 218 2113 397 2182; x_wconf 77' lang='lat' dir='ltr'>dooehhtur</span> <span class='ocrx_word' id='word_1_32' title='bbox 415 2135 434 2181; x_wconf 93' lang='lat' dir='ltr'>a</span> <span class='ocrx_word' id='word_1_33' title='bbox 448 2115 570 2182; x_wconf 89' lang='lat' dir='ltr'>teneris</span> <span class='ocrx_word' id='word_1_34' title='bbox 584 2114 679 2182; x_wconf 89' lang='lat' dir='ltr'>annis</span> <span class='ocrx_word' id='word_1_35' title='bbox 696 2114 828 2197; x_wconf 90' lang='lat' dir='ltr'>didieit;</span> <span class='ocrx_word' id='word_1_36' title='bbox 849 2134 909 2182; x_wconf 88' lang='lat' dir='ltr'>neo</span> <span class='ocrx_word' id='word_1_37' title='bbox 922 2114 1095 2183; x_wconf 84' lang='lat' dir='ltr'>sublimem</span> <span class='ocrx_word' id='word_1_38' title='bbox 1109 2115 1204 2183; x_wconf 94' lang='lat' dir='ltr'>modo</span> 
     </span>
     <span class='ocr_line' id='line_1_8' title="bbox 124 2227 1206 2318; baseline 0.002 -24"><span class='ocrx_word' id='word_1_39' title='bbox 124 2228 326 2315; x_wconf 74' lang='lat' dir='ltr'>Anaxagorae</span> <span class='ocrx_word' id='word_1_40' title='bbox 349 2227 589 2316; x_wconf 83' lang='lat' dir='ltr'>philosophiam</span> <span class='ocrx_word' id='word_1_41' title='bbox 610 2234 645 2296; x_wconf 88' lang='lat' dir='ltr'>et</span> <span class='ocrx_word' id='word_1_42' title='bbox 663 2228 798 2317; x_wconf 88' lang='lat' dir='ltr'>arg‘utas</span> <span class='ocrx_word' id='word_1_43' title='bbox 812 2231 1002 2315; x_wconf 73' lang='lat' dir='ltr'>Protagorae</span> <span class='ocrx_word' id='word_1_44' title='bbox 1015 2228 1206 2318; x_wconf 88' lang='lat' dir='ltr'>Prodieique</span> 
     </span>
     <span class='ocr_line' id='line_1_9' title="bbox 125 2334 1206 2430; baseline 0.002 -22"><span class='ocrx_word' id='word_1_45' title='bbox 125 2339 359 2430; x_wconf 80' lang='lat' dir='ltr'>disputationes</span> <span class='ocrx_word' id='word_1_46' title='bbox 372 2345 441 2408; x_wconf 88' lang='lat' dir='ltr'>toto</span> <span class='ocrx_word' id='word_1_47' title='bbox 456 2347 589 2428; x_wconf 75' lang='lat' dir='ltr'>pectore</span> <span class='ocrx_word' id='word_1_48' title='bbox 603 2334 726 2420; x_wconf 81' lang='lat' dir='ltr'>hausit,</span> <span class='ocrx_word' id='word_1_49' title='bbox 749 2341 805 2410; x_wconf 92' lang='lat' dir='ltr'>sed</span> <span class='ocrx_word' id='word_1_50' title='bbox 821 2348 854 2409; x_wconf 91' lang='lat' dir='ltr'>et</span> <span class='ocrx_word' id='word_1_51' title='bbox 868 2361 908 2408; x_wconf 86' lang='lat' dir='ltr'>ex</span> <span class='ocrx_word' id='word_1_52' title='bbox 918 2341 1113 2410; x_wconf 82' lang='lat' dir='ltr'>athletarum</span> <span class='ocrx_word' id='word_1_53' title='bbox 1129 2363 1206 2410; x_wconf 86' lang='lat' dir='ltr'>oer-</span> 
     </span>
     <span class='ocr_line' id='line_1_10' title="bbox 124 2453 1207 2544; baseline 0.003 -24"><span class='ocrx_word' id='word_1_54' title='bbox 124 2454 300 2522; x_wconf 87' lang='lat' dir='ltr'>taminihus</span> <span class='ocrx_word' id='word_1_55' title='bbox 321 2453 462 2542; x_wconf 92' lang='lat' dir='ltr'>palmam</span> <span class='ocrx_word' id='word_1_56' title='bbox 488 2454 664 2542; x_wconf 84' lang='lat' dir='ltr'>reportarit</span> <span class='ocrx_word' id='word_1_57' title='bbox 679 2461 703 2521; x_wconf 81' lang='lat'>¹.</span> <span class='ocrx_word' id='word_1_58' title='bbox 737 2458 838 2523; x_wconf 91' lang='lat' dir='ltr'>Nemo</span> <span class='ocrx_word' id='word_1_59' title='bbox 863 2455 970 2522; x_wconf 87' lang='lat' dir='ltr'>aerius</span> <span class='ocrx_word' id='word_1_60' title='bbox 990 2454 1031 2521; x_wconf 89' lang='lat' dir='ltr'>ad</span> <span class='ocrx_word' id='word_1_61' title='bbox 1057 2455 1207 2544; x_wconf 90' lang='lat' dir='ltr'>philoso-</span> 
     </span>
     <span class='ocr_line' id='line_1_11' title="bbox 126 2565 1208 2656; baseline 0.001 -21"><span class='ocrx_word' id='word_1_62' title='bbox 126 2567 293 2656; x_wconf 90' lang='lat' dir='ltr'>phandum</span> <span class='ocrx_word' id='word_1_63' title='bbox 305 2565 576 2654; x_wconf 83' lang='lat' dir='ltr'>disputandumve</span> <span class='ocrx_word' id='word_1_64' title='bbox 591 2567 749 2656; x_wconf 89' lang='lat' dir='ltr'>impulsus</span> <span class='ocrx_word' id='word_1_65' title='bbox 768 2575 833 2652; x_wconf 82' lang='lat' dir='ltr'>est3</span> <span class='ocrx_word' id='word_1_66' title='bbox 851 2588 946 2636; x_wconf 89' lang='lat' dir='ltr'>nemo</span> <span class='ocrx_word' id='word_1_67' title='bbox 963 2588 1123 2636; x_wconf 90' lang='lat' dir='ltr'>novarum</span> <span class='ocrx_word' id='word_1_68' title='bbox 1136 2567 1208 2636; x_wconf 80' lang='lat' dir='ltr'>dou</span> 
     </span>
     <span class='ocr_line' id='line_1_12' title="bbox 125 2679 1209 2770; baseline -0.001 -22"><span class='ocrx_word' id='word_1_69' title='bbox 125 2681 284 2748; x_wconf 88' lang='lat' dir='ltr'>trinarum</span> <span class='ocrx_word' id='word_1_70' title='bbox 296 2685 403 2748; x_wconf 90' lang='lat' dir='ltr'>motus</span> <span class='ocrx_word' id='word_1_71' title='bbox 417 2679 561 2768; x_wconf 87' lang='lat' dir='ltr'>apertius</span> <span class='ocrx_word' id='word_1_72' title='bbox 574 2682 781 2770; x_wconf 83' lang='lat' dir='ltr'>sequebatur.</span> <span class='ocrx_word' id='word_1_73' title='bbox 797 2685 884 2750; x_wconf 90' lang='lat' dir='ltr'>Neve</span> <span class='ocrx_word' id='word_1_74' title='bbox 912 2680 987 2770; x_wconf 89' lang='lat' dir='ltr'>quid</span> <span class='ocrx_word' id='word_1_75' title='bbox 1006 2681 1035 2748; x_wconf 91' lang='lat' dir='ltr'>ei</span> <span class='ocrx_word' id='word_1_76' title='bbox 1053 2702 1094 2750; x_wconf 88' lang='lat' dir='ltr'>ex</span> <span class='ocrx_word' id='word_1_77' title='bbox 1115 2681 1209 2750; x_wconf 89' lang='lat' dir='ltr'>bonis</span> 
     </span>
     <span class='ocr_line' id='line_1_13' title="bbox 127 2793 1208 2882; baseline -0.002 -19"><span class='ocrx_word' id='word_1_78' title='bbox 127 2794 251 2863; x_wconf 89' lang='lat' dir='ltr'>artibus</span> <span class='ocrx_word' id='word_1_79' title='bbox 284 2795 415 2862; x_wconf 92' lang='lat' dir='ltr'>omnino</span> <span class='ocrx_word' id='word_1_80' title='bbox 445 2793 593 2882; x_wconf 91' lang='lat' dir='ltr'>ignotum</span> <span class='ocrx_word' id='word_1_81' title='bbox 625 2795 728 2874; x_wconf 83' lang='lat' dir='ltr'>toret,</span> <span class='ocrx_word' id='word_1_82' title='bbox 760 2794 930 2864; x_wconf 91' lang='lat' dir='ltr'>nonnullas</span> <span class='ocrx_word' id='word_1_83' title='bbox 956 2795 1054 2864; x_wconf 92' lang='lat' dir='ltr'>etiam</span> <span class='ocrx_word' id='word_1_84' title='bbox 1083 2795 1208 2864; x_wconf 87' lang='lat' dir='ltr'>tabulas</span> 
     </span>
     <span class='ocr_line' id='line_1_14' title="bbox 128 2907 1207 2997; baseline 0 -21"><span class='ocrx_word' id='word_1_85' title='bbox 128 2908 270 2997; x_wconf 85' lang='lat' dir='ltr'>pinxisse</span> <span class='ocrx_word' id='word_1_86' title='bbox 293 2907 467 2984; x_wconf 82' lang='lat' dir='ltr'>terebatur,</span> <span class='ocrx_word' id='word_1_87' title='bbox 487 2908 607 2996; x_wconf 84' lang='lat' dir='ltr'>quaein</span> <span class='ocrx_word' id='word_1_88' title='bbox 631 2909 869 2997; x_wconf 83' lang='lat' dir='ltr'>Megarensium</span> <span class='ocrx_word' id='word_1_89' title='bbox 890 2910 971 2979; x_wconf 91' lang='lat' dir='ltr'>urhe</span> <span class='ocrx_word' id='word_1_90' title='bbox 991 2908 1047 2976; x_wconf 91' lang='lat' dir='ltr'>diu</span> <span class='ocrx_word' id='word_1_91' title='bbox 1071 2913 1207 2977; x_wconf 83' lang='lat' dir='ltr'>servatae</span> 
     </span>
     <span class='ocr_line' id='line_1_15' title="bbox 128 3018 1209 3102; baseline -0.002 -11"><span class='ocrx_word' id='word_1_92' title='bbox 128 3023 298 3091; x_wconf 55' lang='lat' dir='ltr'>tuissent</span> <span class='ocrx_word' id='word_1_93' title='bbox 322 3021 464 3089; x_wconf 84' lang='lat' dir='ltr'>Poetioae</span> <span class='ocrx_word' id='word_1_94' title='bbox 482 3021 615 3089; x_wconf 88' lang='lat' dir='ltr'>tandem</span> <span class='ocrx_word' id='word_1_95' title='bbox 631 3023 692 3089; x_wconf 92' lang='lat' dir='ltr'>arti</span> <span class='ocrx_word' id='word_1_96' title='bbox 711 3018 861 3102; x_wconf 89' lang='lat' dir='ltr'>adhaesit,</span> <span class='ocrx_word' id='word_1_97' title='bbox 884 3028 917 3091; x_wconf 90' lang='lat' dir='ltr'>et</span> <span class='ocrx_word' id='word_1_98' title='bbox 931 3023 1082 3091; x_wconf 87' lang='lat' dir='ltr'>hoovitae</span> <span class='ocrx_word' id='word_1_99' title='bbox 1102 3025 1209 3091; x_wconf 88' lang='lat' dir='ltr'>ourri-</span> 
     </span>
    </p>
   </div>
   <div class='ocr_carea' id='block_1_6' title="bbox 130 3133 1209 3335">
    <p class='ocr_par' dir='ltr' id='par_1_6' title="bbox 130 3133 1209 3335">
     <span class='ocr_line' id='line_1_16' title="bbox 130 3133 1207 3224; baseline -0.002 -21"><span class='ocrx_word' id='word_1_100' title='bbox 130 3137 236 3205; x_wconf 79' lang='lat' dir='ltr'>aulum</span> <span class='ocrx_word' id='word_1_101' title='bbox 255 3136 422 3223; x_wconf 90' lang='lat' dir='ltr'>ingressus</span> <span class='ocrx_word' id='word_1_102' title='bbox 436 3140 497 3212; x_wconf 92' lang='lat' dir='ltr'>est,</span> <span class='ocrx_word' id='word_1_103' title='bbox 516 3133 571 3202; x_wconf 90' lang='lat' dir='ltr'>uhi</span> <span class='ocrx_word' id='word_1_104' title='bbox 587 3134 790 3223; x_wconf 88' lang='lat' dir='ltr'>splendidam</span> <span class='ocrx_word' id='word_1_105' title='bbox 804 3137 1060 3224; x_wconf 87' lang='lat' dir='ltr'>popularemque</span> <span class='ocrx_word' id='word_1_106' title='bbox 1073 3135 1207 3224; x_wconf 86' lang='lat' dir='ltr'>gloriam</span> 
     </span>
     <span class='ocr_line' id='line_1_17' title="bbox 130 3244 1209 3335; baseline -0.003 -22"><span class='ocrx_word' id='word_1_107' title='bbox 130 3251 240 3335; x_wconf 90' lang='lat' dir='ltr'>posset</span> <span class='ocrx_word' id='word_1_108' title='bbox 266 3245 412 3334; x_wconf 89' lang='lat' dir='ltr'>adipisoi,</span> <span class='ocrx_word' id='word_1_109' title='bbox 446 3244 660 3314; x_wconf 87' lang='lat' dir='ltr'>tumultuosas</span> <span class='ocrx_word' id='word_1_110' title='bbox 684 3251 793 3313; x_wconf 89' lang='lat' dir='ltr'>tamen</span> <span class='ocrx_word' id='word_1_111' title='bbox 814 3246 975 3335; x_wconf 81' lang='lat' dir='ltr'>imperitae</span> <span class='ocrx_word' id='word_1_112' title='bbox 998 3245 1209 3314; x_wconf 89' lang='lat' dir='ltr'>multitudinis</span> 
     </span>
    </p>
   </div>
   <div class='ocr_carea' id='block_1_7' title="bbox 133 3509 375 3522">
    <p class='ocr_par' dir='ltr' id='par_1_7' title="bbox 133 3509 375 3522">
     <span class='ocr_line' id='line_1_18' title="bbox 133 3509 375 3522; baseline -0.008 0"><span class='ocrx_word' id='word_1_113' title='bbox 133 3509 375 3522; x_wconf 43' lang='lat' dir='ltr'>m——n</span> 
     </span>
    </p>
   </div>
   <div class='ocr_carea' id='block_1_8' title="bbox 130 3725 1202 3870">
    <p class='ocr_par' dir='ltr' id='par_1_8' title="bbox 130 3725 1202 3870">
     <span class='ocr_line' id='line_1_19' title="bbox 168 3725 1202 3799; baseline -0.006 -17"><span class='ocrx_word' id='word_1_114' title='bbox 168 3727 176 3756; x_wconf 86' lang='lat'>¹</span> <span class='ocrx_word' id='word_1_115' title='bbox 197 3727 281 3799; x_wconf 83' lang='lat' dir='ltr'>Eurip.</span> <span class='ocrx_word' id='word_1_116' title='bbox 305 3727 363 3782; x_wconf 81' lang='lat' dir='ltr'>ritae</span> <span class='ocrx_word' id='word_1_117' title='bbox 389 3743 405 3780; x_wconf 84' lang='lat' dir='ltr'>a</span> <span class='ocrx_word' id='word_1_118' title='bbox 431 3726 506 3781; x_wconf 74' lang='lat' dir='ltr'>variis</span> <span class='ocrx_word' id='word_1_119' title='bbox 530 3727 700 3797; x_wconf 81' lang='lat' dir='ltr'>graurnnuticis</span> <span class='ocrx_word' id='word_1_120' title='bbox 723 3726 877 3796; x_wconf 82' lang='lat' dir='ltr'>compositae.</span> <span class='ocrx_word' id='word_1_121' title='bbox 899 3743 928 3765; x_wconf 92' lang='lat'><strong><em>=</em></strong></span> <span class='ocrx_word' id='word_1_122' title='bbox 946 3726 960 3766; x_wconf 75' lang='lat'><strong>²</strong></span> <span class='ocrx_word' id='word_1_123' title='bbox 981 3726 1092 3796; x_wconf 82' lang='lat' dir='ltr'>Euripid.</span> <span class='ocrx_word' id='word_1_124' title='bbox 1109 3725 1160 3780; x_wconf 75' lang='lat' dir='ltr'>sita</span> <span class='ocrx_word' id='word_1_125' title='bbox 1177 3739 1202 3778; x_wconf 80' lang='lat' dir='ltr'>en</span> 
     </span>
     <span class='ocr_line' id='line_1_20' title="bbox 130 3813 373 3870; baseline 0.008 -3"><span class='ocrx_word' id='word_1_126' title='bbox 130 3813 263 3870; x_wconf 78' lang='lat' dir='ltr'>hlodiolan.</span> <span class='ocrx_word' id='word_1_127' title='bbox 277 3814 373 3870; x_wconf 83' lang='lat' dir='ltr'>codice.</span> 
     </span>
    </p>
   </div>
   <div class='ocr_carea' id='block_1_9' title="bbox 0 0 1367 4508">
    <p class='ocr_par' dir='ltr' id='par_1_9' title="bbox 0 0 1367 4508">
     <span class='ocr_line' id='line_1_21' title="bbox 0 0 1367 4508; baseline 0 0"><span class='ocrx_word' id='word_1_128' title='bbox 0 0 1367 4508; x_wconf 95' lang='lat' dir='ltr'> </span> 
     </span>
    </p>
   </div>
  </div>
 </body>
</html>
