2684 4508
628 188 764 240 ..⁸20-

157 389 281 452 tanturn
301 379 448 477 dedecet,
473 388 506 449 ut
534 384 609 450 talia
635 382 782 471 AEsehyio
809 383 967 470 imputare
990 382 1079 450 nefas
1105 381 1241 449 dueam:

155 501 319 566 AEternam
333 496 462 586 quidem
475 497 516 566 ab
530 497 649 585 Argivo
662 499 775 566 Oreste
790 497 988 574 societatem,
1005 501 1116 564 eontra
1131 499 1243 584 Spar-

155 617 249 680 tanos
274 610 457 700 praesertim
485 631 524 678 ao
552 609 804 699 Peloponnesios
829 608 956 685 utilem,
986 609 1243 678 Atheniensibus

155 723 298 814 promitti
314 722 407 811 fingit
418 733 432 801 ¹,
455 744 517 811 qua
533 723 564 790 in
578 742 613 789 re
625 721 797 810 vestigium
814 721 897 789 illius
918 721 1149 810 indignationis
1170 742 1242 810 ag-

155 858 253 908 noseo
268 856 342 927 quae
355 838 387 905 in
403 838 548 927 ingratos
560 836 825 905 Lacedaemonios
839 842 985 907 amantes
1007 836 1121 925 patriae
1144 837 1241 926 opti-

153 961 258 1031 mates
270 956 303 1019 et
315 950 421 1040 ipsum
434 950 599 1021 Cimonem
610 930 829 1033 incenderat33
845 949 901 1017 sed
914 954 987 1037 post
997 951 1097 1019 breve
1106 956 1240 1039 tempus

152 1084 265 1133 eorum
284 1064 331 1132 ira
344 1064 515 1144 deferbuit,
532 1085 593 1132 neo
606 1085 748 1153 unquam
770 1069 940 1131 suaserunt
962 1069 997 1132 ut
1015 1064 1143 1132 omissis
1161 1069 1241 1132 Bar·

152 1178 240 1273 baris
266 1180 298 1247 in
327 1183 504 1267 Spartanos
524 1179 747 1247 tantummodo
773 1179 953 1247 saeviretur.
985 1184 1125 1248 Funesta
1156 1199 1239 1267 ergo

152 1274 289 1362 Greeiae
302 1292 434 1361 dissidia
456 1306 520 1360 non
543 1292 629 1359 acuit
646 1292 824 1380 AEsobylus
839 1292 895 1359 sed
912 1291 1030 1360 futurae
1044 1292 1241 1361 temeritatis

150 1406 314 1494 providus,
333 1426 407 1474 oum
422 1405 529 1474 Persis
546 1425 609 1473 non
630 1406 711 1473 ultra
724 1404 945 1476 Macedoniam
957 1405 1167 1473 Tbraoiamve
1180 1412 1240 1474 aut

150 1518 288 1607 primam
301 1518 388 1586 Asiae
402 1537 493 1585 oram
507 1516 692 1585 bellandum
707 1537 779 1587 esse
793 1517 958 1596 censebat,
972 1523 1005 1585 et
1019 1517 1088 1585 illas
1105 1518 1240 1606 expedi·

149 1631 256 1702 tiones
273 1632 306 1699 in
320 1651 400 1720 quas
417 1631 635 1700 ardentiorem
656 1633 810 1720 poputum
828 1637 861 1699 et
880 1632 995 1700 vicinis
1012 1635 1078 1722 jam
1100 1652 1238 1721 gravem

151 1745 324 1812 immittere
339 1744 452 1813 Cimon
465 1746 654 1832 cogebatur,
668 1745 751 1813 intra
766 1746 922 1813 aretiores
944 1745 1100 1814 terminos
1124 1747 1239 1814 eonti-

152 1859 285 1927 nendas.
303 1859 505 1928 Exercitibus
518 1860 641 1928 scilieet
655 1859 800 1939 timebat,
809 1880 890 1950 quos
904 1860 937 1927 in
949 1863 1086 1948 AEgypto
1100 1860 1238 1948 egregia
1279 1869 1289 1876 '

150 1971 293 2039 faoinora
317 1972 563 2050 deeoraverunt,
585 1993 645 2041 neo
668 1992 725 2040 sua
749 1978 857 2040 tamen
878 1972 982 2040 virtus
1001 1973 1042 2041 ab
1065 1971 1238 2040 obsidione

152 2083 288 2152 liberare
303 2085 434 2172 potuitr.
452 2084 484 2152 Si
499 2085 648 2174 AEsebylo
663 2085 854 2154 credidisset
867 2085 972 2154 Attiea
986 2085 1109 2162 divitas,
1133 2083 1238 2172 impo-

151 2195 212 2262 sito
223 2195 291 2284 regi
307 2194 431 2264 foedere
447 2202 598 2265 eontenta
616 2204 648 2266 et
661 2197 831 2265 vindicatis
843 2198 875 2264 in
890 2196 1071 2265 libertatem
1085 2195 1233 2274 coloniis,

73 2383 75 2387 ¹
153 2307 229 2375 nibil
243 2292 398 2376 adversus
411 2309 552 2376 Siciliam
565 2310 615 2377 vel
628 2310 869 2399 Carthaginem,
887 2316 922 2377 ut
935 2310 1075 2378 Perioles
1089 2310 1239 2380 dioibia-

151 2421 271 2510 desque
286 2426 399 2512 postea
413 2427 594 2501 suaserunt,
612 2422 765 2490 meditata
780 2430 877 2502 esset.

196 2564 263 2629 Nee
275 2562 308 2628 in
324 2581 471 2649 praesens
499 2568 635 2642 tantum,
660 2584 764 2653 neque
779 2566 826 2639 de
848 2567 945 2634 certis
971 2567 1069 2635 rebus
1093 2587 1174 2656 quas
1201 2567 1237 2635 in

153 2672 364 2741 oonoionibus
377 2678 411 2740 et
427 2671 555 2741 eireuiis
574 2679 642 2741 tum
657 2675 825 2764 agitabant
847 2677 1072 2757 Athenienses,
1100 2679 1237 2747 oonsiiia

138 2785 242 2865 dedit
256 2785 436 2874 AEsehyius,
450 2786 507 2855 sed
522 2807 560 2854 ea
573 2808 647 2876 quae
659 2789 699 2857 ad
706 2790 853 2879 publioos
861 2813 969 2860 mores
980 2799 1012 2860 et
1027 2813 1237 2862 communem

153 2899 334 2969 animorum
347 2906 469 2970 motum
484 2903 691 2991 pertinebant
716 2905 829 2974 eadem
851 2906 1011 2995 tragoedia
1039 2907 1156 2995 attigit,
1187 2914 1233 2986 et,

153 3018 188 3081 ut
201 3013 336 3094 solebat,
361 3035 486 3083 summa
514 3016 673 3104 gravitate
700 3038 739 3087 ae
762 3019 918 3107 religione
943 3020 1121 3088 illustravit.
1150 3022 1236 3102 Quid

136 3126 227 3208 novi
242 3127 282 3196 de
297 3132 438 3209 Deorum
462 3130 560 3207 eultu,
578 3129 619 3198 de
633 3131 760 3200 vivendi
782 3133 916 3212 ratione,
946 3134 987 3202 de
1001 3133 1141 3202 bumana
1169 3155 1237 3202 na—

153 3246 225 3309 tura
255 3241 460 3336 humanoque
497 3245 571 3332 jure
600 3246 713 3313 Graeoa
742 3246 872 3334 ingenia
900 3252 969 3313 tum
996 3246 1233 3334 excogitarent,

153 3352 255 3420 fusius
274 3353 455 3440 explicandi
469 3355 574 3423 locum
602 3356 738 3443 posthae
762 3357 972 3435 inveniemus,
988 3378 1085 3447 quum
1108 3358 1237 3428 aeriora

160 3586 392 3599 w

191 3768 200 3796 ¹
218 3769 315 3835 AEseh.‚
332 3768 453 3835 Eumen,
470 3786 494 3824 v.
510 3769 703 3826 rea-77.t.=²
722 3771 799 3836 Pron,
815 3770 840 3825 in
858 3770 956 3838 Cimon,
974 3771 1015 3827 17.
1030 3769 1083 3810 =5
1104 3769 1229 3842 Tbuopd„

82 3903 84 3906 ,
153 3856 181 3911 L.
199 3856 219 3923 l,
235 3872 260 3916 r.
277 3856 403 3917 roe-110.
1260 3855 1263 3867 ‘
