2684 4508
539 277 541 281 ⁷
656 216 816 270 -rso-

189 422 222 485 et
235 414 371 503 argutiis
386 414 547 490 intentos,
574 413 624 480 vel
640 420 728 481 certe
755 432 884 500 semper
908 417 1038 501 paratos
1057 410 1211 488 ostendit,
1239 416 1270 477 et

189 528 339 597 omnibus
353 526 498 595 artificiis
521 527 715 595 miserabilia
740 546 849 594 rerum
863 547 902 593 ac
919 526 1094 594 verborum
1121 524 1270 593 acumina

188 647 404 723 exornantes;
420 640 446 708 si
474 639 616 710 Thesea.
647 639 738 708 urbis
764 646 891 727 patrem
919 659 959 706 ac
977 638 1206 716 conditorem,
1232 637 1272 704 de

187 753 355 822 hominum
370 756 404 820 et
417 751 583 820 civitatum
609 758 723 819 natura
738 751 863 819 infinita
879 750 1094 819 disserentem
1118 749 1272 817 inducit?

189 867 222 935 Si
243 865 316 935 ideo
331 870 472 943 tantum,
489 872 526 933 ut
553 864 713 933 studentis
737 865 836 932 Musis
853 871 886 932 et
908 862 1125 954 philosophiae
1140 862 1202 929 viri
1226 882 1276 930 ra·

188 983 310 1052 tionem
336 975 507 1070 occupata
519 981 552 1048 in
577 980 676 1049 rebus
702 980 840 1069 publicis
865 980 1019 1070 gerendis
1035 980 1112 1049 ritae
1130 985 1276 1067 antepo-

189 1091 329 1162 nendam
353 1112 426 1162 esse
440 1094 615 1181 probaret,
634 1098 735 1161 totam
761 1092 905 1162 fabulam
924 1092 1024 1165 semel
1048 1093 1271 1182 composuit¹;

190 1207 216 1275 si
231 1206 370 1275 athletas
394 1206 531 1296 illosque
549 1207 744 1274 athletarum
763 1206 876 1284 ludos,
906 1226 987 1296 quos
1002 1208 1144 1295 majores
1173 1207 1272 1275 nostri

188 1324 256 1386 tam
269 1318 364 1386 utiles
376 1325 410 1386 et
423 1324 555 1386 sanctos
569 1318 753 1396 habebant,
772 1318 910 1387 Graeciae
924 1325 1051 1406 pestem
1069 1338 1144 1386 esse
1157 1317 1273 1386 decla-

190 1437 284 1500 rat2t
294 1459 307 1493 »
325 1431 783 1501 Haecveteruminstitutorum
792 1436 825 1500 et
833 1432 929 1500 avitae
936 1431 1115 1519 disciplinae
1130 1431 1271 1500 fautores

191 1545 342 1625 aiebant3
384 1543 457 1612 haec
490 1544 550 1612 sub
576 1544 736 1631 protervis
761 1565 800 1611 ao
833 1543 1021 1612 scurrilibus
1048 1541 1271 1632 Aristophanis

192 1657 396 1726 contumeliis
410 1656 530 1740 latent;
552 1657 625 1726 naeo
638 1657 756 1746 injusta
772 1657 902 1746 quidem
917 1657 1067 1734 arbitror,
1086 1656 1112 1724 si
1128 1656 1172 1725 de
1184 1661 1272 1724 Deo-

196 1790 267 1838 rum
290 1769 523 1859 hominumque
550 1791 588 1837 ac
605 1791 713 1838 rerum
739 1775 854 1839 natura
878 1769 1064 1858 disputandi
1079 1775 1113 1838 et
1139 1770 1273 1839 investi-

192 1884 290 1972 gandi
301 1887 354 1973 jus
371 1884 502 1951 omnino
516 1883 631 1953 tollere
644 1883 783 1966 vellent;
802 1886 889 1972 justa
904 1889 1023 1962 autem,
1042 1884 1069 1951 si
1088 1884 1272 1972 Euripidem

192 1995 417 2085 tantummodo
443 1995 657 2065 admonerent
683 1996 742 2064 has
769 1997 1005 2086 disputationes
1028 1998 1061 2067 in
1087 1998 1218 2095 theatro
1235 2005 1274 2066 ‘ct

194 2112 352 2179 festorum
371 2109 511 2178 tumultu
525 2130 589 2177 nen
608 2130 681 2178 esse
699 2109 940 2199 proponendas.

239 2255 280 2319 Et
293 2251 445 2341 quoniam
458 2255 600 2320 Deorum
618 2234 816 2321 mentionem
831 2253 913 2331 leci,
933 2253 1004 2342 quis
1019 2253 1190 2322 audaciam
1206 2259 1274 2323 Eu-

194 2363 308 2452 ripidis
320 2363 476 2432 adversus
488 2364 615 2453 impura
630 2370 776 2433 veterum
793 2367 925 2434 numina
939 2371 1175 2456 poetarumque
1189 2369 1276 2438 fabu-

195 2474 242 2543 las
255 2475 409 2564 ignorat‘l
425 2478 540 2543 Nonne
557 2476 590 2542 in
608 2478 802 2545 Troadibes³
818 2477 916 2546 docet
929 2497 1021 2546 suam
1034 2479 1152 2569 cuique
1166 2479 1276 2548 libidi-

195 2608 269 2655 nem
283 2592 386 2656 Deum
407 2609 499 2668 esse,
517 2594 550 2658 et
563 2590 774 2678 pravissimos
786 2591 970 2661 mortalium
987 2593 1063 2661 vitia
1079 2613 1137 2662 sua
1153 2594 1235 2662 lalso
1246 2595 1276 2662 in

80 2735 83 2739 <
195 2705 281 2770 Deos
295 2702 455 2791 rejiceret
470 2707 505 2771 ln
520 2707 619 2772 lottc⁴
642 2706 818 2793 perniciem
840 2705 909 2774 Diis
933 2707 1085 2786 minatur,
1112 2713 1146 2775 et
1168 2707 1279 2776 homi-

196 2862 274 2910 num
298 2840 530 2920 rebellionem,
559 2850 593 2911 et
620 2842 753 2932 dignam
778 2849 827 2913 tot
858 2845 998 2932 stupris,
1030 2849 1079 2912 tol
1100 2843 1278 2914 sceleribus

196 2975 341 3045 poenam.
357 2957 392 3021 ln
411 2958 547 3024 Hercule
556 2960 702 3042 furente⁵
716 2956 841 3025 Platoni
859 2956 945 3025 viam
957 2957 1082 3045 aperit,
1098 2957 1153 3047 qui
1170 2961 1275 3036 Dens,

197 3069 224 3136 si
240 3081 316 3137 vere
330 3068 380 3136 Dii
407 3069 494 3147 sint,
520 3068 624 3138 alieno
639 3069 774 3168 auxilio,
807 3070 857 3138 vel
886 3069 1063 3137 mendaciis
1079 3091 1118 3138 ac
1143 3071 1277 3159 pertidia

198 3201 362 3270 nunquam
376 3201 474 3270 egere
489 3180 721 3268 profitebitur⁶.

197 3399 440 3412 “nn-—

232 3538 361 3610 ‘Eurip.,
386 3540 504 3613 Aelim..
532 3544 563 3598 lr.
582 3544 625 3608 19,
653 3543 698 3609 hd,
726 3543 770 3610 ul,
787 3544 832 3611 Ἠ,
849 3545 893 3601 23.
921 3545 981 3600 Vide
1011 3545 1087 3601 ctiam
1109 3547 1280 3618 germanicam

195 3627 315 3684 Schenkli
341 3627 535 3700 disputationem
556 3631 618 3703 (die
632 3633 817 3705 Auschaungen
832 3634 876 3689 des
890 3633 1055 3705 Euripides...
1070 3633 1192 3701 vindob..
1215 3652 1280 3692 anuo

75 3757 77 3762 .
197 3714 287 3788 tacu.)
300 3719 353 3760 εἳ
371 3717 420 3781 ld.‚
434 3716 566 3789 Autolyc„
580 3719 611 3774 fr.
629 3721 656 3776 1.
672 3720 730 3777 Ath.
746 3721 778 3784 ll,
795 3737 819 3791 p.
835 3720 895 3776 413.
910 3754 938 3775 =
955 3721 1030 3787 5ld,
1048 3721 1156 3789 Trood„
1172 3738 1198 3776 u.
1215 3721 1278 3778 988.

195 3804 255 3851 =⁴
273 3803 322 3868 lu,
338 3805 409 3870 Jon,
426 3821 449 3860 v.
466 3804 596 3860 tte-lm.
621 3825 649 3846 =
671 3809 683 3850 5
703 3807 751 3872 hl,
766 3807 872 3862 Hercul.
889 3810 956 3880 fur„
973 3826 997 3861 r.
1024 3807 1279 3866 1280-12834287-

195 3888 376 3950 lest-ralla
384 3891 444 3946 319.
460 3904 487 3925 =
506 3893 515 3920 ⁶
536 3892 592 3948 Plat
606 3936 613 3956 ,
629 3891 661 3947 do
678 3892 752 3965 hep,
766 3894 794 3948 L.
812 3894 832 3948 ll
847 3893 893 3948 suh
904 3895 990 3949 linem.
