2684 4508
657 205 816 257 -rao-

195 398 316 466 versari
331 398 499 464 dixerunt!
520 399 552 461 ln
579 396 718 463 Platonis
731 395 852 463 Timaeo
877 415 984 462 nonne
1008 414 1181 481 supremus
1204 415 1274 462 om-

196 518 284 585 nium
299 536 407 584 rerum
420 522 513 604 pater
525 516 689 603 subjectos
701 514 762 582 sibi
776 517 862 582 Deos
872 513 1066 602 alloquitur?
1077 516 1172 580 Nunc
1184 512 1274 580 etiam

195 629 290 718 liujus
305 628 391 698 modi
407 634 538 696 naturas
553 648 616 696 non
630 648 702 696 csse
716 627 841 695 facilius
858 628 1020 694 affirmant
1033 624 1167 713 quidam
1181 624 1277 713 philo

195 742 289 828 sophi
315 761 412 828 quam
435 741 670 809 demonstrant.
698 741 761 808 Sed
789 741 817 808 si
841 744 1002 806 Doemoces
1028 743 1123 827 putat
1151 737 1276 806 oracula

196 855 380 923 hominibus
394 855 576 932 effundere,
595 875 653 922 cur
667 855 805 932 arcanis,
823 873 897 942 quae
912 853 961 920 Dii
977 852 1038 940 ipsi
1054 851 1212 920 retexisse
1228 852 1277 918 le-

198 968 363 1047 rebantur,
381 968 501 1036 initiari
520 968 647 1037 noluit?
661 972 744 1036 Num
757 966 937 1036 Eleusinios
955 965 1165 1054 sacerdotes,
1183 986 1279 1053 mag-

200 1101 312 1149 narum
337 1102 445 1151 rerum
469 1081 688 1170 cognitionem
712 1081 881 1170 pollicitos,
909 1085 1102 1169 aspernatus
1124 1085 1202 1148 est‘l
1227 1079 1294 1147 llla‘

198 1195 284 1261 enim
297 1194 442 1264 discendi
457 1192 634 1282 cupiditas,
650 1215 712 1282 qua
740 1214 775 1262 se
800 1194 940 1281 flagrare
963 1192 1092 1271 aiebat,
1111 1193 1152 1260 ad
1175 1212 1280 1281 pene-

198 1308 312 1376 tranda
326 1308 452 1378 Cereris
466 1307 619 1396 mysteria
632 1328 706 1375 eum
721 1308 852 1395 saepius,
871 1314 907 1374 ut
920 1306 1048 1394 opinor,
1065 1306 1194 1373 hortata
1218 1310 1277 1373 est.

198 1423 238 1486 nt
263 1418 434 1507 prudentia
459 1418 614 1507 singulari
640 1428 673 1487 et
698 1421 843 1508 priorum
868 1418 1013 1507 periculo
1042 1418 1205 1495 monitus,
1233 1417 1280 1484 his

198 1531 325 1599 arcanis
346 1531 512 1600 abstinuit.
540 1535 716 1622 Postquam
744 1532 830 1600 enim
852 1532 995 1600 initiatus
1013 1551 1052 1598 ea
1075 1529 1281 1617 cognovisset

197 1667 273 1735 quae
290 1647 331 1714 de
346 1651 487 1715 Deorum
509 1646 738 1736 hominumque
762 1654 876 1716 natura
900 1645 1088 1715 sacerdotes
1105 1644 1277 1720 docebant,
1329 1652 1331 1657 '

195 1761 262 1848 jam
277 1759 318 1827 de
332 1760 381 1827 liis
394 1761 492 1828 rebus
504 1758 665 1828 disserere
679 1760 723 1828 illi
736 1781 801 1828 non
816 1750 970 1829 licuisset,
993 1759 1027 1827 Si
1041 1757 1117 1847 quid
1146 1756 1281 1826 ratioci-

199 1873 305 1941 nando
327 1872 503 1962 reperisset
527 1873 578 1941 vel
601 1874 671 1942 aliis
694 1879 850 1943 tentasset
873 1874 1013 1962 probare
1036 1871 1123 1961 quod
1153 1890 1280 1938 arcane

198 1985 377 2074 disciplinae
391 1986 440 2053 vel
456 1986 624 2054 minimum
644 1987 852 2065 consentiret,
874 2007 939 2055 non
963 1986 1143 2055 defuissent
1168 1984 1278 2052 initiat'

198 2101 251 2189 qui
265 2101 418 2188 mysteria
437 2121 456 2167 a
471 2105 606 2169 Socrate
620 2100 747 2190 prodita
764 2098 954 2169 clamarent.
980 2105 1067 2188 Ergo
1092 2119 1193 2188 quum
1213 2118 1281 2166 sese

199 2233 263 2281 non
283 2213 443 2283 initiatum
458 2214 564 2303 palam
583 2215 809 2303 profiteretur,
827 2214 913 2281 hanc
933 2213 1195 2291 accusationem,
1222 2231 1281 2301 qna

198 2328 366 2415 AEschylns
381 2348 483 2415 prope
497 2347 674 2416 oppressus
688 2327 804 2405 fuerat,
817 2327 920 2394 vitare
932 2326 1039 2414 potuit
1049 2332 1082 2393 ct
1094 2324 1135 2393 de
1148 2325 1230 2404 Diis,
1244 2324 1282 2392 de

199 2441 340 2509 humana
365 2444 494 2517 mente,
511 2439 552 2506 de
573 2440 718 2509 moribus
740 2441 944 2528 praesertim,
962 2441 1003 2508 ab
1023 2440 1076 2507 illa
1099 2438 1281 2526 suspicione

199 2558 299 2631 tutus,
316 2572 426 2619 coram
447 2551 571 2619 cunctis
586 2552 758 2620 disserere.

244 2691 608 2761 CaeterumEleusiniam
616 2690 821 2780 disciplinam
833 2713 852 2759 a
865 2695 998 2759 Socrate
1013 2697 1198 2759 recusatam
1214 2711 1282 2760 esse

199 2825 262 2873 non
278 2804 471 2892 Xenophon,
489 2825 552 2872 non
577 2805 679 2882 Plato,
698 2806 768 2893 eJ'us
790 2803 931 2894 aequales
948 2825 987 2871 ac
1006 2804 1085 2871 socii
1106 2804 1202 2875 nobis
1222 2811 1282 2873 tra-

194 2918 398 3005 ,ciceronem
423 2916 480 2984 sed
495 2917 595 3009 'longo
613 2924 687 3006 post
698 2922 856 3005 tempore,
873 2917 1035 2984 Lucianus
1054 2917 1094 2984 iis
1109 2917 1221 3013 verbis
1241 2918 1283 2985 in-

198 3031 330 3108 dicavit,
346 3051 419 3120 qum
436 3032 636 3100 subobscura
651 3030 753 3099 videri
772 3031 917 3118 possint:
938 3057 952 3091 «ι
969 3034 1040 3099 Non
1054 3031 1163 3100 minus
1175 3032 1283 3100 odium

201 3143 322 3231 inquit,
360 3143 448 3232 apud
482 3144 721 3212 multitudinem
756 3148 961 3211 contraxerat
987 3147 1154 3212 Demonax
1188 3158 1283 3234 quam

198 3259 277 3326 olim
311 3265 472 3339 Socrates,
506 3261 655 3348 loquendi
679 3261 731 3327 illa
758 3260 875 3328 fiducia
900 3281 938 3328 ao
958 3260 1125 3343 libertatc3
1153 3261 1283 3350 jamque

211 3501 447 3510 .--.-.---.--—--—-

240 3709 249 3749 1
266 3707 293 3760 ln
305 3704 434 3760 Plroedone
449 3705 520 3759 Plato
530 3704 660 3760 Socratem
675 3704 771 3758 inducit
781 3705 911 3775 mysticam
922 3705 951 3758 de
965 3704 1055 3758 animis
1065 3713 1090 3758 et
1100 3705 1286 3782 immortalitate

204 3797 341 3851 doctrinam
357 3801 528 3864 usurpantem,
545 3793 589 3848 scd
600 3801 683 3848 utrum
698 3810 753 3847 cam
769 3793 884 3848 Socrates
899 3793 929 3848 ab
948 3793 1030 3864 aliquo
1046 3793 1226 3864 discipulorum
1241 3793 1287 3848 ini-

207 3885 277 3950 tiato,
294 3900 323 3937 an
339 3883 391 3952 ipsc
406 3881 503 3937 arcanis
518 3881 653 3948 admissus,
666 3877 797 3951 acceperit,
814 3899 863 3936 non
876 3870 1001 3954 explanat.
