2684 4508
568 180 722 234 *rse-

149 380 321 463 Postquam
344 395 422 463 ergo
449 395 544 442 senes
568 375 703 443 insaniae
725 375 767 442 ita
794 375 962 443 admonuit
982 381 1161 466 Paupertas
1173 422 1184 456 ‚=
1211 371 1214 376 ’

102 489 180 579 quid
194 494 362 578 superest,
385 489 446 557 nisi
469 495 504 557 ut
519 489 687 558 consilium
713 487 878 568 omittant,
903 497 936 559 et
960 493 1113 580 praesenti
1136 513 1185 562 re·
1268 558 1273 569 ,
1303 479 1304 482 “

103 623 176 671 rum
191 609 277 671 statu
291 603 401 671 vivant
419 603 561 671 contenti
576 628 585 686 ;
609 604 658 672 vel
674 604 700 672 si
718 605 750 671 in
771 604 914 694 incoepto
929 607 1183 694 perseverarint,

104 716 213 784 multis
231 715 446 784 incommodis
467 716 771 806 impedimentisque
786 718 987 807 puniantur?
1004 719 1063 791 llic
1076 725 1185 790 autem

101 833 377 922 exspectationem
393 839 537 901 nostram
557 833 638 902 fallit
650 835 885 924 Aristophanes
897 860 905 919 ;
918 836 1046 906 'frustra
1062 837 1148 906 enim
1166 858 1184 905 a

103 948 299 1032 Paupertate
313 944 476 1033 objurgati
496 945 607 1013 oculos
630 945 722 1014 Pluto
749 947 944 1036 aperiendos
968 955 1106 1032 curaut;
1132 950 1186 1039 qui

104 1057 175 1126 luce
196 1057 248 1126 vix
277 1062 429 1145 recepta,
458 1058 560 1126 malos
583 1058 690 1127 statim
717 1059 854 1139 descrit,
886 1063 1071 1152 probosque
1099 1063 1187 1132 invi-

103 1190 176 1238 sere
204 1176 236 1237 et
258 1171 346 1238 omni
376 1190 483 1238 rerum
518 1172 611 1260 copia
640 1173 805 1241 cumulare
831 1174 973 1243 festinat.
999 1157 1063 1243 Res
1088 1176 1186 1244 etiam

102 1293 170 1354 tam
198 1285 283 1354 bene
309 1286 474 1364 succedit,
507 1287 694 1375 dispoliati
720 1288 882 1357 delatores
907 1288 1043 1378 amissas
1080 1291 1187 1359 subito

102 1401 249 1468 fortunas
284 1399 432 1489 lugeant,
470 1409 503 1468 et
537 1400 694 1469 deformia
723 1401 774 1470 illa
810 1423 937 1471 morum
973 1403 1187 1472 humanorum

102 1520 247 1582 monstra
284 1534 357 1602 quae
399 1534 438 1582 ex
479 1520 670 1603 paupertate
709 1517 786 1583 oriri
827 1518 932 1585 solent
962 1517 1075 1585 faustis
1103 1517 1186 1585 Pluti

101 1627 256 1715 auspiciis
280 1627 445 1695 tollantur.
462 1627 633 1695 tamenim
653 1629 772 1697 vetulae
796 1635 829 1696 et
855 1630 1035 1718 impudenti
1060 1631 1186 1699 mulieri

101 1738 257 1809 nonlicet
273 1739 427 1806 misorum
439 1740 592 1827 juvenem
607 1759 686 1807 auro
699 1739 822 1808 illicere
838 1746 870 1807 et
885 1746 1127 1828 portentosum,
1151 1749 1187 1810 ut

101 1853 145 1920 ita
163 1852 280 1931 dicam,
301 1871 445 1919 amorem
467 1850 528 1919 sibi
547 1871 667 1919 emere.

146 1994 248 2071 Quem
267 1988 397 2078 quidem
421 1987 538 2057 fabulae
567 1987 688 2056 exitum
720 1989 928 2058 Fontanellus
956 1996 1067 2059 noster
1093 2010 1184 2080 aegre

100 2104 204 2172 tutin.
225 2132 238 2165 v
261 2103 342 2185 Quid
357 2102 436 2181 vult,
455 2102 557 2191 inquit
570 2102 830 2191 Aristophanes?
846 2108 910 2173 Cur
924 2124 984 2172 nos
998 2104 1041 2171 ita
1055 2103 1185 2173 eludit?

99 2221 237 2285 Causam
252 2217 338 2284 enim
361 2236 453 2283 snam
477 2215 729 2303 prudentissime
750 2220 927 2304 Paupertas
942 2225 1092 2305 perorat;
1124 2202 1181 2287 sed

97 2351 116 2397 a
143 2331 271 2397 nemine
297 2327 498 2417 probabilem
516 2327 761 2416 responsionem
781 2328 916 2417 accipit3
940 2329 1004 2398 imo
1026 2331 1180 2420 quidquid
1252 2361 1279 2373 1⁴

93 2443 200 2510 vetuit
214 2462 371 2531 prospero
386 2461 460 2509 cum
481 2445 599 2509 eventu
623 2443 804 2529 perlectum
828 2442 927 2510 videt.
951 2445 1084 2511 Tantam
1100 2465 1179 2534 ergo

97 2555 290 2644 sapientiam
316 2555 465 2623 deridere
492 2554 615 2643 gaudet
647 2562 790 2644 poeta.»
821 2561 861 2624 Et
885 2578 946 2626 nos
971 2558 1121 2637 fatemur,
1153 2559 1180 2628 si

97 2690 209 2757 graeca
222 2668 383 2762 comoedia
398 2666 438 2735 ad
455 2667 668 2736 certissimam
687 2668 849 2757 regulam,
868 2677 904 2739 ut
930 2678 1056 2749 nostra,
1075 2671 1179 2761 redigi

98 2781 237 2860 soleret,
265 2781 362 2849 alium
389 2780 626 2869 Aristophaneo
652 2780 745 2849 Pluto
769 2781 867 2850 finem
886 2783 1030 2852 futurum
1053 2784 1152 2853 luisse
1170 2772 1198 2853 :⁸
1288 2831 1291 2838 f

98 2900 277 2984 Paupertas
291 2893 378 2962 enim
397 2899 453 2963 aut
473 2887 582 2963 fabula
606 2901 740 2983 prorsus
754 2893 932 2975 abluisset,
953 2903 1009 2965 aut
1033 2895 1178 2965 exsilium

95 3026 205 3090 suum,
234 3024 271 3081 ut
294 3010 376 3090 dini,
396 3010 505 3079 multis
533 3009 745 3079 incommodis
764 3009 832 3080 ulta
849 3017 949 3080 esset.
977 3015 1090 3080 Nonne
1111 3032 1177 3080 au-

96 3129 163 3194 tem
191 3124 399 3193 recordamur
423 3121 601 3191 lascivienti
622 3126 792 3211 poetarum
814 3143 854 3191 ac
871 3124 981 3213 populi
994 3124 1096 3214 ipsius
1122 3125 1179 3193 in-

96 3240 211 3330 genio,
229 3242 262 3309 in
276 3245 386 3309 vetere
401 3237 581 3316 comoedia,
607 3237 745 3327 plurima
765 3258 921 3308 concessa
942 3239 1072 3310 luisset
1099 3245 1179 3310 Nu-

95 3357 183 3422 bium
217 3373 335 3443 nempe
371 3352 510 3430 chorus,
537 3351 591 3440 qui
623 3353 656 3420 in
691 3351 852 3442 principio
889 3352 1006 3423 fabule
1043 3355 1177 3440 vanitati

95 3467 314 3556 sophistarum
338 3467 444 3543 savct,
475 3464 536 3533 sub
564 3464 628 3532 fine
650 3465 781 3543 eosdem
800 3466 1000 3554 argutiarum
1024 3471 1178 3556 captato-

95 3687 334 3702 ——-———

134 3853 142 3882 ¹
164 3851 322 3916 Fontanelli;
339 3850 495 3924 Rcmnrques
508 3870 553 3906 sur
568 3852 590 3908 le
613 3852 709 3908 thddtrc
727 3852 770 3908 dea
792 3851 876 3909 Greci.
