2684 4508
625 214 762 264 ..1⁶2-

91 442 95 453 ,
156 409 283 477 miratio
297 409 383 477 hanc
398 409 592 496 lragoediam
607 429 785 496 peperere,
812 409 868 475 sed
889 408 976 475 solus
998 409 1109 496 patriae
1124 429 1216 475 amor
1233 434 1240 476 :

156 541 216 590 nec
228 521 302 610 quia
315 521 475 589 Aristides
488 527 566 589 tune
581 521 612 588 in
629 520 758 588 civitate
772 520 945 608 plurimum
957 520 1110 611 pallebat,
1129 521 1161 589 id
1175 542 1243 610 po-

154 635 315 704 tissimum
330 639 461 723 tempus
476 634 575 723 elegit
587 638 701 722 poeta;
719 655 817 722 quum
833 655 909 702 vcro
926 634 1130 724 Phrynichus
1142 636 1243 703 Sala-

156 747 464 830 miniacae'vietoriae
478 746 730 835 descriptionem
743 746 834 836 quasi
853 746 1017 834 propriam
1032 764 1072 815 ao
1091 747 1139 816 sui
1160 748 1244 836 J’uris

157 860 326 930 materiam
353 859 578 950 occupavisset
601 865 635 928 et
652 861 703 928 vix
723 859 881 928 restitutis
903 860 1037 928 hthenis
1062 860 1245 929 induxisset

158 976 191 1044 in
206 994 348 1054 scenam,
365 993 489 1062 paucos
509 993 612 1042 annos
632 972 801 1063 AEschylus
817 973 1020 1062 exspectavit
1033 972 1110 1043 dum
1123 975 1242 1064 prioris

159 1088 377 1162 illiuslabulae
390 1088 546 1157 memoria
568 1088 698 1175 paulum
723 1089 905 1177 refrigeret.

204 1231 363 1298 Gaetcrum
385 1247 423 1296 ea
450 1227 575 1315 patria,
598 1247 635 1295 ca
659 1225 760 1314 stirpe
782 1232 876 1295 natus
898 1233 968 1295 erat
990 1226 1176 1317 AEschylus,
1201 1229 1246 1296 ita

159 1339 316 1409 educatus
337 1338 457 1417 luerat,
478 1342 513 1407 ut
528 1338 658 1428 antiqua
672 1337 819 1406 instituta
835 1358 853 1405 a
872 1338 1039 1426 plebiealis
1058 1338 1247 1408 labefactari

159 1472 224 1521 non
236 1471 330 1541 aequo
344 1451 452 1520 animo
466 1455 643 1540 pateretur,
662 1450 747 1541 qirod
761 1451 874 1540 primis
889 1451 998 1520 statim
1014 1452 1122 1526 verbis
1144 1452 1247 1541 igno-

159 1572 212 1636 tus
237 1564 290 1633 ille
312 1564 545 1654 grammaticus
568 1563 690 1635 indicat
708 1564 764 1654 qui
788 1565 886 1633 vitam
908 1565 979 1654 ejus
1005 1564 1211 1635 adumbravit
1237 1591 1243 1635 :

164 1709 178 1743 ι
197 1679 376 1761 Ἐλευσίνιος
392 1677 448 1750 τὸν
468 1679 582 1775 δῆμον,
623 1687 742 1777 iuquit,
776 1676 807 1762 ἔξ
834 1678 1044 1775 εὐπατριδῶν
1074 1679 1248 1775 τὴνφύσιν

162 1806 247 1899 ἔχων
258 1813 275 1883 ¹.
292 1814 414 1884 Priscae
430 1815 530 1904 igitur
544 1814 711 1904 religionis
724 1815 926 1912 spectacula,
943 1815 1060 1903 priscae
1074 1815 1250 1883 nobilitatis

162 1947 270 1997 mores
283 1949 323 1996 ac
335 1927 503 2016 disciplina
518 1928 683 1996 nascentis
697 1928 765 1996 sere
777 1929 889 1997 oeulos
901 1932 934 1997 et
948 1928 1091 1996 animum
1111 1948 1250 2018 occupa-

163 2046 289 2109 verunt.
306 2039 609 2110 Hunccaerimoniae
619 2039 684 2108 illae
694 2040 952 2119 circumdabant,
964 2060 1044 2129 quas
1059 2042 1100 2110 ab
1110 2044 1249 2129 AEgypto

162 2159 196 2221 et
210 2152 342 2222 Oriente
354 2151 517 2242 peregrini
534 2152 566 2220 in
586 2152 746 2221 Graeclam
760 2153 946 2230 attulerant,
971 2173 1051 2242 quas
1067 2152 1179 2221 violari
1193 2158 1250 2220 aut

165 2263 328 2332 immutari
349 2262 512 2334 funestum
535 2265 660 2354 regioni
682 2264 888 2353 sacrilegium
909 2264 1102 2334 habebatur.
1123 2268 1250 2333 hreana

166 2380 292 2448 Cereris
323 2399 397 2448 eum
429 2379 581 2449 didicisse
610 2380 818 2449 nobilissimis
839 2381 987 2463 versibus
1018 2380 1253 2468 Aristophanes

166 2491 347 2582 signiticat;
361 2512 480 2583 nempe
498 2495 540 2561 ita
556 2493 741 2584 loquentem
758 2493 904 2563 inducit:
926 2523 940 2556 a
957 2498 1094 2564 oderes
1112 2516 1186 2585 quae
1199 2517 1252 2562 me

167 2603 285 2685 aluisti,
302 2605 436 2695 dignum
449 2606 527 2675 mihi
542 2606 704 2696 mysteriis
712 2607 777 2675 tuis
788 2627 972 2705 sermonem
986 2609 1140 2696 inspira¹t
1158 2636 1171 2668 »
1188 2609 1252 2676 Sed

167 2720 208 2787 de
225 2737 264 2786 ca
279 2739 314 2787 re
329 2718 479 2789 dubitare
500 2740 559 2790 nos
573 2720 690 2808 jubent
706 2719 854 2789 Clemens
876 2719 1138 2799 Alexandrinum,
1153 2742 1254 2810 quum

167 2832 353 2921 AEselrylum
368 2831 487 2901 referat
503 2832 589 2921 apud
605 2833 733 2922 judiees
747 2853 941 2902 arcanorum
952 2834 1090 2903 inscium
1107 2854 1255 2923 comper-

169 2955 237 3015 tum
254 2945 365 3025 luisse,
388 2953 422 3013 et
441 2944 642 3024 Aristoteles,
666 2945 720 3035 qui
736 2946 890 3035 mysteria
903 2947 944 3015 ab
959 2968 998 3015 eo
1017 2947 1097 3015 citra
1116 2947 1256 3015 sacrile-
1282 2970 1284 2973 ·

170 3061 271 3149 giam,
288 3065 400 3148 utpote
417 3060 459 3130 ab
481 3059 599 3138 inscio,
617 3057 745 3149 prodita
769 3059 868 3127 luisse
894 3065 1052 3129 memorat
1069 3071 1088 3126 t
1114 3064 1256 3131 lnscrtos

159 3171 300 3260 quidem
316 3172 564 3261 Aristophanem
578 3170 699 3243 fabulae
713 3192 826 3241 versus
839 3174 881 3243 ab
895 3172 1045 3260 AEschylo
1058 3171 1257 3262 compositos

173 3283 271 3352 fuisse
292 3287 426 3354 Graecus
449 3285 610 3381 interpres
628 3305 687 3355 nos
704 3290 815 3356 mouet
830 3299 847 3365 ὅ,
873 3285 929 3354 sed
949 3290 1058 3354 utrum
1082 3290 1178 3375 poeta
1197 3304 1257 3354 suo

247 3520 415 3540 ⁴.:..-—----..

209 3713 218 3754 t
240 3713 352 3782 Ananim
368 3754 373 3774 ,
392 3709 442 3765 Vit.
458 3710 563 3783 abachp.
580 3712 634 3753 =²
654 3711 792 3782 hristoph„
809 3710 889 3776 lton„
903 3727 926 3764 v.
944 3711 1004 3773 886,
1021 3711 1083 3769 887.
1098 3728 1126 3749 =
1144 3711 1157 3751 ὅ
1175 3710 1256 3767 Clern.

173 3797 257 3863 hicn,
274 3796 380 3857 Strata..
395 3798 414 3852 l
442 3799 471 3864 lt,
482 3815 505 3855 c.
523 3801 565 3858 ll.
578 3799 629 3840 =⁴
644 3798 759 3861 hustet..
775 3797 811 3853 lle
823 3799 903 3862 Mon,
920 3797 947 3854 L.
959 3798 1007 3863 lll,
1023 3814 1045 3853 e.
1063 3800 1153 3855 ⁶2.=t
1171 3799 1256 3855 Sobel.

172 3883 275 3941 hustet.
293 3885 323 3940 ud
334 3885 414 3952 lton,
428 3902 450 3939 r.
463 3885 524 3943 886.
1096 3904 1097 3910 ¹
