2684 4508
654 198 671 203 -
702 166 751 217 riu
785 197 800 201 «-
866 164 868 168 ⁴

185 360 349 441 ostendis;
373 360 410 435 si,
434 359 517 424 inter
537 357 636 425 festos
656 354 774 424 theatri
789 357 959 434 tumultus,
978 363 1026 424 tot
1045 364 1078 425 et
1096 363 1203 426 tantas
1219 378 1271 425 res

183 471 412 561 disceptandas
432 471 656 558 spectantibus
675 471 853 559 proponis!
875 497 887 531 »

229 613 308 677 Haee
322 609 442 677 multos
454 608 573 676 dixisse
589 628 653 675 non
675 608 811 698 conjicio
825 613 963 686 tantum,
974 607 1032 676 sed
1046 628 1087 676 ex
1101 609 1274 676 acerrimis

184 721 411 809 Aristophanis
434 720 623 789 criminibus
645 721 741 809 plane
763 722 941 810 comperio.
959 722 1122 790 Errabant
1141 722 1277 810 quidem

184 835 226 901 illi
252 834 306 922 qui
335 834 484 922 antiquos
510 835 676 902 hominum
705 855 820 904 sensus
850 835 1043 903 indubium
1070 836 1279 923 disputatio-

184 968 321 1036 nemque
344 948 453 1016 vocari
477 946 648 1031 nolebant3
676 949 804 1037 populis
829 950 914 1016 enim
941 955 1071 1037 tempus
1086 951 1281 1017 necessario

119 1082 121 1087 ’
182 1061 321 1138 31113311,
330 1081 429 1149 quum
443 1080 481 1128 ea
492 1080 565 1151 quae
574 1060 832 1129 haetenusdoeili
846 1062 953 1129 animo
965 1061 1135 1129 credidere
1146 1062 1280 1130 ratione

183 1173 389 1263 perpendunt
414 1193 453 1241 ac
467 1177 671 1256 scrutantur;
687 1173 763 1241 hine
784 1194 875 1262 saepe
899 1174 931 1241 in
948 1194 1076 1242 errores
1091 1174 1275 1242 amantiora

185 1287 342 1356 libertatis
351 1287 401 1355 vel
415 1286 513 1355 caecis
527 1286 664 1374 impulsa
675 1286 881 1374 cupidinibus
892 1287 1024 1375 ingenia
1035 1295 1274 1376 prorumpunt;

184 1399 261 1469 hine
277 1399 375 1467 etiam
389 1398 664 1468 veritatefrrmius
679 1400 898 1489 audaciusque
920 1401 1099 1488 potiuntur,
1123 1407 1159 1469 et
1173 1403 1271 1469 multa

183 1519 316 1586 tandem
336 1517 512 1606 dispiciunt
529 1538 604 1607 quae
618 1517 736 1607 priseae
756 1517 922 1608 religionis
941 1525 1154 1607 veterumque
1167 1519 1271 1586 disei-

186 1630 347 1718 plinarum
374 1630 492 1698 linibus
520 1629 634 1697 inclusi
661 1635 772 1718 patres
793 1630 846 1698 vin
875 1631 1028 1719 suspicati
1052 1637 1158 1698 erant.
1178 1634 1219 1700 ht
1240 1632 1268 1698 in

187 1743 306 1810 theatri
319 1763 474 1812 consessu
488 1764 552 1812 non
566 1743 635 1810 sine
649 1743 795 1831 periculo
807 1749 873 1810 tam
890 1744 1001 1832 grevia
1016 1744 1112 1813 simul
1128 1751 1162 1812 et
1174 1745 1267 1813 ardua

186 1856 379 1944 subtiliaque
391 1856 577 1944 agitantur:
594 1876 670 1923 nam
687 1876 768 1943 quos
783 1857 866 1924 mala
883 1857 1034 1926 mensvel
1048 1859 1156 1926 aetatis
1167 1859 1269 1926 terror

186 1969 226 2037 ad
253 1969 403 2038 libidines
427 1969 556 2047 incitat,
586 1969 740 2058 quidquid
765 1970 874 2058 pravis
901 1971 1072 2039 affectibus
1098 1968 1138 2038 ae
1159 1972 1268 2040 studiis

190 2084 332 2171 speeiem
352 2083 492 2172 aliquam
517 2083 614 2172 paulo
639 2063 860 2152 honestiorem
883 2085 1089 2174 praetendere
1107 2091 1218 2174 potest
1234 2106 1269 2152 er

103 2200 104 2203 ’
186 2200 235 2262 tot
250 2195 392 2283 egregiis
406 2195 553 2264 versibus
570 2196 690 2284 raptim
705 2195 903 2284 decerpunt,
920 2204 952 2264 et
975 2196 1036 2265 sibi
1052 2202 1207 2286 tanquam
1221 2217 1269 2286 po·

187 2313 255 2375 rata
271 2305 426 2376 adversus
440 2308 543 2375 bonas
556 2315 643 2375 artes
658 2307 723 2375 tela
737 2327 904 2377 reservare
916 2288 1072 2397 gaudent.

230 2444 264 2513 ld
280 2452 367 2514 certe
379 2466 478 2534 quum
492 2446 701 2534 Aristophani
713 2452 746 2515 et
758 2447 921 2535 Euripidis
936 2449 1128 2518 censoribus
1138 2471 1268 2519 conces·

187 2557 296 2636 serim,
316 2558 349 2624 in
364 2557 525 2646 plerisque
538 2559 654 2646 tragici
670 2565 774 2645 poetae
793 2560 962 2627 sententiis
974 2563 1171 2631 excusandis
1193 2570 1270 2631 tem·

187 2688 249 2757 pus
273 2669 371 2737 inane
398 2689 462 2737 non
493 2676 607 2737 teram.
647 2670 724 2751 Quis
758 2671 843 2739 enim
876 2677 1021 2758 nostrum
1052 2675 1166 2742 eredat
1198 2696 1269 2744 eum

99 2787 101 2792 ’
188 2782 326 2871 perjuris
338 2783 486 2871 speciosa
506 2790 699 2872 argumenta
713 2784 860 2853 consulto
873 2786 1050 2873 paravisse,
1069 2808 1170 2876 quum
1188 2790 1271 2879 Hip-

188 2896 345 2985 polytum,
362 2896 472 2967 audito
492 2897 641 2966 Phaedrae
656 2917 777 2974 amore,
805 2898 993 2967 horrentem
1009 2899 1141 2968 inducat
1162 2907 1196 2969 et
1210 2923 1272 2970 en-

188 3011 381 3080 elamantem
397 3035 404 3079 :
426 3038 439 3072 1
456 3013 580 3099 Lingua
595 3011 737 3100 quidem,
754 3031 818 3079 non
833 3019 942 3080 mente
952 3015 1058 3102 J'uravi
1072 3027 1079 3056 ¹
1093 3021 1108 3083 ‘l
1122 3042 1136 3075 t>
1159 3019 1272 3084 Nonne

190 3122 278 3190 illum
292 3129 404 3191 eontra
419 3123 561 3193 ostendit
570 3123 780 3212 jurisjurandi
802 3124 845 3193 ita
867 3133 1016 3194 tenacem
1030 3135 1081 3206 ut,
1099 3151 1116 3198 a
1132 3151 1272 3199 noverca
1281 3193 1286 3205 „

190 3241 375 3314 3331133133,
392 3237 535 3305 mulieris
550 3234 747 3324 impudicam
762 3238 927 3306 libidinem
940 3241 1023 3328 patri
1038 3247 1189 3331 retegere
1207 3264 1273 3311 no-

192 3349 252 3416 1111
281 3352 364 3418 Num
391 3351 556 3420 Eteoclem
591 3351 688 3418 istum
724 3352 860 3439 probat,
893 3353 947 3442 qui
972 3355 1012 3422 ad
1053 3357 1271 3445 principatum

190 3461 401 3530 obtinendum
416 3463 545 3553 pietatis
564 3466 635 3552 juro
660 3469 726 3531 tam
751 3465 845 3532 facile
857 3468 1116 3554 transgreditur²
1129 3475 1145 3535 1
1159 3475 1272 3538 Nonne

196 3681 426 3693 m

225 3835 234 3876 ¹
255 3836 353 3910 Eurip„
370 3836 487 3909 hippol„
504 3855 528 3894 v.
544 3837 605 3894 612.
620 3841 672 3876 =‘²
691 3832 729 3892 ld}
755 3837 893 3903 Ptaeutss„
908 3856 931 3894 1.
949 3837 1080 3902 edd-5⁶25.
