2684 4508
646 223 783 278 agg..

177 418 301 507 elingit,
313 419 398 486 inter
413 418 625 506 sapientiores
639 438 716 485 vero
743 416 886 505 religiosi
910 417 968 484 viri
992 418 1111 485 lamam
1135 431 1264 484 conse-

154 546 156 550 ‘
174 534 293 621 quitur.
310 531 344 600 ld
359 532 491 599 enimin
506 531 698 600 sublimibus
712 531 773 599 illis
793 537 900 619 poetae
921 531 1089 598 sententiis
1104 530 1264 599 animad-

177 643 368 713 vertendum
389 649 449 721 est,
474 664 547 710 eum
571 642 612 710 ad
627 647 753 712 veteres
773 643 941 721 historias,
967 643 1096 731 antiqua
1113 642 1260 721 oracula,

177 759 390 845 antiquosque
399 757 479 825 ritus
489 757 597 825 omnia
605 756 822 825 referre.Sive
835 757 933 845 igitur
943 776 983 824 ex
992 756 1164 824 Eleusiniis
1176 777 1266 845 mys·

178 871 267 939 teriis
282 869 399 959 aliquid
414 869 544 938 haurire
554 869 669 958 potuit,
680 870 747 938 sive
757 870 951 958 Pythagorae
960 868 1164 959 philosophia
1177 869 1264 936 ultra

179 993 335 1076 angustos
350 987 438 1056 lalsae
450 987 617 1076 religionis
629 987 711 1056 fines
726 987 872 1057 sublatus
887 986 957 1066 luit,
978 987 1065 1054 huno
1078 986 1163 1054 inter
1174 991 1267 1054 vete-

179 1119 250 1167 rum
271 1099 489 1168 institutorum
513 1099 664 1168 custodes
689 1120 727 1168 ac
748 1106 994 1175 conservatores
1012 1119 1171 1188 reponere
1190 1101 1267 1188 quis

178 1213 325 1283 dubitet?
348 1213 426 1295 Quis
449 1213 584 1281 miretur
603 1215 644 1283 ab
665 1214 881 1304 Aristophane
903 1234 1033 1283 severas
1056 1213 1126 1282 illas
1150 1218 1266 1301 partes

179 1326 395 1416 Euphorionis
423 1327 487 1394 lilio
511 1327 690 1416 assignari?
725 1328 792 1400 Etsi
820 1328 914 1398 nobis
944 1326 1116 1416 aliquando
1144 1327 1266 1395 durum

179 1438 307 1508 videtur
330 1439 526 1509 inexorabile
550 1439 626 1511 illud
653 1440 764 1519 latum,
791 1440 941 1529 AEschylo
964 1444 1107 1516 auctore,
1132 1439 1264 1517 vereri,

181 1551 340 1651 fateamur
355 1557 465 1620 tamen
489 1554 610 1623 nullum
634 1555 816 1644 graviorem
840 1553 939 1622 luisse
956 1555 1055 1644 juris,
1079 1558 1111 1621 et
1134 1554 1293 1651 pietatis

182 1670 215 1730 et
241 1663 365 1732 bellirae
395 1665 590 1735 fortitudinis
612 1672 645 1734 et
671 1667 855 1736 concordiae
888 1687 1065 1736 suasorem.
1103 1665 1163 1734 Hic
1200 1686 1268 1732 non

182 1779 372 1863 optimatum
387 1780 500 1860 modo,
530 1781 586 1849 sed
610 1784 801 1870 optimorum
825 1783 967 1850 virorum
990 1786 1082 1849 vates
1099 1779 1270 1848 vocandus

182 1894 249 1967 est,
274 1890 328 1978 qui
354 1892 492 1980 patriam
512 1898 652 1972 terram,
680 1895 816 1984 ‘patrios
844 1895 935 1973 ritus,
967 1893 1089 1983 patrias
1117 1894 1208 1981 leges
1237 1898 1271 1960 et

183 2004 271 2073 cives
296 2005 465 2073 universos
493 2007 619 2075 sincero
642 2027 753 2075 amore
777 2007 981 2086 dilexerunt,
1008 2007 1062 2095 qui
1085 2006 1173 2094 plebi
1202 2025 1271 2074 non

182 2119 352 2207 superbius
363 2121 490 2208 jugum,
501 2120 557 2188 sed
573 2121 724 2189 salutaria
739 2121 934 2211 sapientium
948 2121 1082 2189 consilia
1099 2121 1272 2210 imponere

182 2233 362 2311 tentabant,
380 2232 434 2321 qui
455 2233 648 2303 ferocientes
665 2236 733 2324 jam
758 2254 914 2324 equorum
940 2254 1031 2302 more
1054 2226 1274 2303 Athenienses

184 2341 398 2412 hortabantur
428 2364 469 2412 ne
493 2345 610 2434 iniecta
635 2345 711 2414 olim
744 2345 804 2415 sibi
832 2367 850 2412 a
876 2345 994 2414 Solone
1021 2345 1110 2413 frena
1135 2365 1274 2433 prorsus

185 2455 368 2543 rejicerent.
391 2461 470 2525 Haec
491 2457 603 2526 Cimon
626 2479 752 2548 quoque
773 2459 934 2528 sentiebat
949 2459 1180 2546 suadebatque,
1198 2458 1274 2528 haec

186 2590 285 2659 quum
302 2571 409 2638 nimiis
421 2570 700 2660 objurgationibus
715 2576 747 2640 et
766 2577 932 2662 perpetue
947 2575 1179 2660 Spartanorum
1194 2571 1276 2640 lau-

186 2681 309 2750 dationi
332 2684 469 2752 miscere
483 2685 702 2765 assuevisset,
724 2686 843 2774 populo
859 2685 1031 2775 displicere
1046 2685 1157 2773 coepit.

344 2920 368 3016 ’ἓ
388 2921 421 2992 3.
435 2963 484 2975 -
500 2921 551 2994 ,Dc
569 2923 728 3019 AEscbpli
744 2922 832 3018 filiis
852 2936 884 2995 cl
901 2922 1093 3018 discipulis.

234 3148 331 3216 Filios
344 3154 377 3219 et
391 3156 526 3238 nepotes
540 3150 688 3240 AEschylo
708 3152 808 3221 fuisse
824 3153 950 3241 tragico
967 3153 1098 3242 ingenio
1113 3174 1178 3222 non
1196 3176 1279 3222 om-

191 3260 267 3328 nino
282 3260 454 3331 destitutos
467 3264 662 3352 accepimus,
671 3266 788 3354 quibus
800 3272 940 3356 paterna,
950 3267 1106 3335 memoria
1120 3267 1161 3335 ad
1173 3288 1280 3356 spec-

177 3375 328 3444 vmntium
345 3376 484 3465 gratiam
502 3378 753 3466 comparandam
775 3400 840 3447 non
859 3399 974 3468 parum
987 3380 1157 3449 valuerit¹.
1190 3383 1279 3453 Nihil

191 3509 269 3557 vero
284 3509 323 3556 ex
336 3490 462 3559 illorum
476 3492 629 3580 operibus
643 3493 795 3561 traditum
811 3500 861 3562 est
875 3515 937 3583 quo
950 3495 1072 3583 pariter
1081 3496 1278 3584 optimatum

199 3684 428 3693 ι--.--

229 3816 350 3878 tenitas,
366 3817 457 3888 Aslpd.
476 3846 507 3856 —
534 3819 581 3881 ld,
607 3817 722 3888 Ertplror.
741 3847 773 3855 -
797 3817 879 3883 blod,
892 3818 919 3872 L.
937 3817 1000 3884 llll,
1018 3835 1040 3872 c.
1058 3817 1101 3873 l3.
1126 3847 1161 3858 -
1187 3818 1278 3873 Schol.

193 3904 318 3976 Aristoph.
335 3907 366 3961 ad
382 3906 459 3971 llnru,
478 3925 501 3962 r.
521 3906 579 3962 151.
