2684 4508
553 210 692 265 -57-

78 405 200 490 abrade
216 406 407 504 apapreat:
434 415 484 484 liis
514 415 621 484 verbis
650 416 865 483 arctissimum
896 415 1048 504 pangitur
1074 414 1158 483 inter

77 527 326 616 Aristophanem
340 534 372 595 et
386 527 510 616 equites
524 524 641 594 lmdus.
665 527 724 607 Qui
741 546 817 594 vero
831 526 949 594 fuerint
963 525 1006 593 illi
1019 525 1153 614 equites,

76 647 163 710 etex
176 641 262 730 quali
280 640 395 708 Atticae
419 640 524 728 gentis
543 645 635 727 parte
652 639 793 717 eonllati,
817 638 872 706 diu
887 658 950 706 non
976 638 1157 707 dubitatum

76 763 138 833 est,
168 761 201 824 et
225 754 344 842 graecis
370 760 476 842 poetae
506 753 735 842 interpretibus
763 773 947 832 assensum,
983 751 1157 823 secundam

76 877 193 944 civium
217 875 365 953 classem,
393 880 425 942 et
447 877 536 963 juxta
560 865 927 962 aaaraaoeropalrpaooe
949 874 1154 950 ditissimam,

75 987 208 1075 Equites
220 992 367 1056 vocatam
379 984 479 1054 fuisse
494 986 727 1067 referentibus3
746 985 820 1054 hino
844 985 929 1054 mille
948 992 980 1053 et
1001 985 1158 1052 ducentos

73 1101 162 1168 viros
176 1099 251 1188 eligi
264 1098 376 1169 solitos
397 1119 479 1177 esse,
507 1100 571 1188 qui,
598 1099 723 1187 quoties
744 1099 847 1187 patria
865 1097 1025 1187 jussisset,
1050 1098 1158 1165 Athe-

78 1213 224 1280 niensem
236 1212 412 1301 equitatum
426 1210 642 1302 supplerent¹.
659 1216 731 1301 lpse
743 1211 916 1290 Boekbius,
932 1211 1157 1280 doctrinalem

77 1325 225 1413 insignis,
246 1324 383 1413 primam
401 1325 537 1394 classem
549 1325 745 1393 instruendis
759 1325 895 1393 navibus
909 1330 941 1393 et
958 1323 1077 1400 choris,
1093 1322 1155 1399 vel,

79 1454 115 1517 ut
127 1451 230 1518 Greci
243 1449 404 1528 dicebant,
419 1443 617 1538 τριηραρχίᾳ
631 1453 664 1516 et
680 1442 830 1537 χορηγίᾳ,
852 1447 1022 1537 pecuniam
1037 1446 1159 1532 impen-

76 1565 156 1635 dere
171 1572 327 1644 ooaetam,
344 1567 501 1656 equestris
516 1572 663 1656 sumptus
683 1587 721 1634 ae
744 1565 865 1633 militiae
879 1583 1012 1653 prorsus
1035 1562 1159 1629 immu-

77 1701 153 1749 nem
167 1681 265 1750 fuisse
274 1681 510 1770 judicaverat²;
533 1682 589 1750 sed
607 1682 789 1750 Friderieus
803 1686 1005 1749 Hermannus
1014 1677 1035 1757 ³,
1060 1696 1158 1767 quum

78 1794 303 1882 Xenophontis
317 1815 357 1862 ac
370 1796 475 1883 Lysiae
489 1795 588 1864 verba
610 1795 757 1884 quaedam
780 1793 966 1883 diligentius
981 1795 1155 1868 excuteret,

78 1908 210 1977 eosdem
232 1908 430 1978 Athenarum
457 1909 543 1978 cives
566 1916 599 1978 et
622 1908 805 1998 equitando,
830 1913 863 1976 et
886 1927 984 1975 naves
1003 1906 1160 1974 cbomsve

79 2022 266 2091 adornando
280 2024 395 2112 patriae
411 2046 639 2115 nonnunquam
653 2026 814 2115 proluisse
836 2022 1066 2112 deprehendit;
1084 2021 1160 2090 hinc

80 2155 160 2224 ergo
176 2135 296 2225 colligit
311 2158 374 2205 non
388 2137 428 2206 ab
442 2139 536 2207 unius
551 2139 663 2208 classis
677 2139 860 2208 hominibus
873 2129 1022 2227 equestre
1043 2154 1160 2203 munus

79 2246 205 2314 obitum
228 2267 310 2326 esse,
342 2254 374 2316 et
397 2248 477 2316 duas
501 2268 564 2327 res,
591 2270 655 2318 non
681 2249 812 2338 paulum
833 2248 917 2316 inter
944 2267 979 2315 se
1002 2247 1155 2324 diversas,

78 2359 187 2441 ἱππεῖς
202 2370 299 2438 verbo
314 2370 488 2458 significari
503 2372 665 2459 putuisse;
688 2391 745 2439 seu
768 2370 839 2460 quis
853 2369 958 2458 reipsa
976 2388 1058 2457 equo
1082 2366 1161 2434 mili-

78 2494 164 2557 taret
179 2480 359 2579 (ἱππεύοι),
388 2512 445 2561 seu
473 2499 655 2581 equestrem
679 2511 813 2560 censum
832 2480 1160 2579 penderetltam'ta

78 2603 190 2700 valor),
217 2618 313 2702 atque
336 2613 378 2682 ob
402 2634 473 2681 eam
495 2634 626 2682 causam
647 2617 733 2682 civiti
756 2605 882 2676 ἱππέων
904 2615 1000 2681 classe
1019 2611 1160 2681 eontine-

80 2729 181 2792 retur.
199 2724 423 2813 Aristophanis
446 2746 522 2794 veru
544 2726 650 2795 fabula
674 2727 760 2795 viros
778 2727 867 2816 equis
886 2726 1070 2804 militantes,
1095 2744 1159 2792 non

80 2837 235 2906 secundae
259 2838 370 2907 classis
389 2841 534 2927 juvenes,
565 2839 597 2905 in
621 2858 751 2906 scenam
774 2839 881 2907 induci
904 2839 976 2907 ideo
995 2837 1161 2905 contendit
1246 2899 1248 2902 .

82 2956 295 3029 Hermannus,
320 2952 404 3041 quod
425 2953 525 3020 multa
546 2953 629 3021 bella
645 2952 685 3020 ab
707 2953 867 3042 equitibus
890 2952 1047 3041 praeolare
1067 2955 1159 3039 gesta

82 3067 225 3155 ipsorum
240 3067 388 3135 cantibus
409 3067 624 3137 celebrentur.
645 3071 804 3136 Caeterum
823 3066 893 3135 illos
910 3069 1038 3143 fatetur,
1061 3086 1159 3154 quum

81 3181 197 3250 divites
211 3188 321 3251 essent
334 3187 366 3249 et
380 3181 606 3251 honestissimo
621 3180 691 3249 loco
707 3182 783 3261 nati,
806 3181 1015 3270 optimatibus
1031 3189 1160 3268 semper

81 3291 211 3360 favisse.
228 3296 342 3360 Nonne
362 3293 447 3360 enim
468 3292 600 3381 triginta
624 3300 789 3381 tyrannos,
806 3293 958 3391 vicesimo
982 3297 1055 3380 post
1076 3291 1160 3359 hanc

199 3531 326 3540 ,-.›..——.-

119 3713 127 3742 ¹
148 3713 247 3779 Saldus,
265 3673 398 3774 “tuaev'e..
414 3715 473 3786 Arg.
483 3714 574 3787 Equit.
584 3713 615 3769 ab
627 3714 722 3769 incerto
733 3721 882 3770 auctore·
894 3714 998 3778 lindoc,
1008 3713 1043 3768 De
1056 3711 1157 3770 Pace...

83 3827 115 3850 ε
137 3801 264 3868 ²Boelrb.,
279 3801 473 3860 Staatsbausalt.
487 3810 505 3858 t.
522 3803 553 3869 ll,
569 3819 593 3874 p.
609 3802 653 3858 35.
663 3804 716 3847 εὖ
735 3803 802 3860 Frid.
819 3804 920 3868 llerrn.‚
931 3802 1160 3874 Proppmausmata

84 3889 119 3941 ud
134 3888 264 3961 Aristoplr.
277 3889 402 3962 Eqrtiles;
417 3890 543 3960 ltlarburg,
556 3890 634 3954 1836,
650 3890 813 3947 1837-1838.
834 3891 859 3945 ln
876 3889 953 3959 prima
967 3888 1142 3960 disputatione.
