2684 4508
647 204 679 213 -
702 175 750 225 lllli
771 203 800 211 --

185 368 314 434 merarii
342 366 488 434 lromines
515 366 575 434 sibi
610 366 809 445 induebant,
842 389 905 434 uon
934 369 1140 436 sarcerdotem
1172 372 1263 437 modo

84 567 87 571 ι
183 481 260 549 vitia
276 480 404 569 vulgive
419 480 693 568 superstitionem,
710 480 767 548 sed
781 481 984 551 sanctissima
1004 482 1172 569 religionis
1185 504 1264 570 prae·

185 599 280 683 cepta
304 594 452 683 agmosst
467 618 474 676 ;
492 614 654 682 quumque
672 594 859 661 innumeros
880 593 979 661 libros
1001 595 1033 663 in
1060 593 1167 662 lucem
1185 617 1265 684 pro—

184 707 254 776 dire
276 705 444 783 viderent,
476 705 530 774 ubi
556 710 657 774 Deum
684 727 748 774 non
773 727 845 775 esse
873 714 906 773 et
927 709 1072 776 animum
1096 729 1173 776 cum
1190 730 1265 778 cor-

186 842 265 911 pore
295 821 456 908 exstingui
488 821 596 889 dedita
622 821 841 908 voluptatibus
883 821 1000 890 cohors
1033 823 1263 902 contenderet,

186 935 340 1003 Gallicam
355 941 485 1023 gentem
512 935 553 1001 ad
580 934 711 1003 exitium
739 935 939 1023 praecipitem
963 956 1095 1004 currere
1117 937 1268 1004 elamita-

187 1051 267 1117 bant
298 1073 305 1117 :
336 1069 399 1115 non
431 1049 645 1136 providebant
673 1048 760 1116 enim
793 1069 833 1116 ex
870 1048 933 1116 lioc
964 1050 1147 1117 animorum
1182 1057 1268 1118 motu

189 1162 286 1229 multa
302 1162 387 1230 bona
402 1168 511 1229 ortura
539 1181 631 1243 esse;
661 1162 780 1229 multos
798 1160 928 1250 quidem
947 1181 1075 1229 errores
1093 1182 1133 1230 ao
1154 1183 1269 1251 pravas

189 1276 277 1364 loges
298 1275 389 1366 quasi
411 1274 597 1343 turbulento
617 1280 762 1343 torrente
781 1275 951 1363 abreptum
975 1275 1033 1357 iri3
1061 1283 1114 1353 at,
1143 1277 1268 1364 placato

187 1388 349 1467 tumultu,
377 1394 425 1456 tot
447 1388 546 1456 mixta
559 1388 784 1477 incompositae
806 1388 850 1455 illi
869 1388 1086 1479 philosopliiae
1105 1396 1265 1478 portenta,

188 1508 235 1571 tot
254 1503 426 1592 impiorum
450 1504 617 1583 lrominum
644 1502 896 1570 declamationes
911 1503 1110 1591 contemptui
1128 1524 1170 1571 ac
1184 1503 1269 1572 ludi-

189 1615 260 1683 brio
273 1616 353 1684 lore.

232 1756 301 1821 Non
314 1754 414 1822 miror
429 1754 538 1841 igitur,
557 1774 618 1823 nec
632 1754 763 1832 irascor,
782 1754 809 1821 si
823 1753 936 1821 lalsam
951 1753 1177 1842 imparemque
1190 1747 1270 1822 reli-

189 1865 331 1953 gionem,
360 1866 546 1953 impictatis
562 1872 661 1944 melu,
693 1865 907 1933 defenderunt
934 1865 1046 1953 optimi
1072 1865 1272 1934 Athenarum

189 1978 287 2047 cives.
305 1982 540 2066 Anaxagoram,
564 1980 620 2068 qui
633 1979 762 2048 sublimi
783 1978 930 2047 doctrina
953 1978 1145 2066 religionem
1159 1979 1272 2077 ipsam

189 2096 447 2181 caeterorumque
459 2092 724 2180 philosophorum
737 2093 906 2180 opiniones
921 2091 1085 2180 corrigere
1100 2093 1269 2180 potuisset,

189 2205 216 2273 si
231 2205 364 2273 Periclis
379 2205 518 2273 amicitia
534 2205 684 2293 perdidit,
703 2205 836 2274 Periclis
849 2205 1201 2293 quidem-adversarios
1222 2205 1276 2272 dc-

188 2323 306 2400 testor;
323 2324 510 2386 nontamen
524 2340 715 2407 persuasum
729 2318 834 2386 habeo
847 2317 985 2406 publicis
999 2318 1140 2405 partium
1160 2318 1274 2387 studiis

189 2430 240 2498 vel
253 2430 389 2518 privatae
405 2430 532 2497 utilitati
546 2451 659 2499 omnes
673 2433 743 2519 ejus
760 2438 966 2500 accusatores
981 2430 1154 2498 indulsisse
1171 2455 1179 2499 :
1195 2438 1275 2499 tem-

190 2562 270 2628 pore
294 2542 380 2609 enim
406 2563 487 2630 opus
511 2548 590 2620 erat,
614 2548 650 2610 ut
666 2564 747 2630 pura
768 2544 821 2610 illa
845 2543 886 2612 de
903 2543 1009 2611 divina
1029 2530 1140 2611 mente
1166 2544 1274 2631 opinio

191 2654 287 2743 plane
310 2655 560 2744 intelligeretur3
583 2657 615 2724 id
639 2658 743 2725 solum
764 2658 869 2747 primo
886 2663 1122 2745 perspexerunt
1141 2677 1272 2735 omnes,

190 2768 368 2857 patriorum
381 2768 548 2836 numinum
564 2771 687 2837 cultum
702 2771 763 2838 hac
777 2770 981 2838 imminutum
999 2770 1080 2838 fore.

234 2921 393 2986 Coeterum
408 2939 486 3005 erga
502 2919 664 3005 sophistas
678 2918 754 3006 quid
765 2918 929 3006 agendum
947 2925 1034 2986 esset
1059 2920 1276 2987 Athenienses

187 3031 245 3098 diu
263 3031 503 3100 dubitaverunt.
528 3033 577 3101 Ab
593 3031 655 3099 alio
676 3032 810 3099 forsitan
824 3033 955 3120 populo,
975 3032 1143 3119 Spartanis
1154 3032 1277 3100 scilicet

191 3146 364 3224 Boeotisvc,
389 3144 422 3213 id
443 3166 548 3234 genus
568 3145 734 3214 huminum
756 3146 879 3234 negligi
894 3147 1073 3234 potuisset3
1091 3145 1149 3214 sed
1163 3146 1279 3215 Atticis

192 3277 256 3323 nun
271 3263 339 3324 tam
353 3257 475 3345 gravia,
493 3257 543 3324 vel
556 3258 582 3325 si
603 3258 714 3335 mavis,
733 3264 799 3324 tam
816 3258 948 3346 pinguia
968 3257 1099 3344 ingenia
1116 3264 1222 3336 erant,
1245 3264 1279 3325 ut

193 3369 317 3457 egregii
327 3370 483 3438 varietate
495 3371 654 3440 doctrinae
667 3377 699 3441 et
713 3372 904 3441 inexhausta
913 3369 1064 3438 lacundia
1082 3370 1141 3439 viri
1161 3371 1277 3439 nullius

193 3486 226 3552 in
240 3483 321 3552 urbe
335 3490 477 3553 mentem
489 3487 529 3553 ad
538 3507 573 3554 se
586 3486 924 3556 converterent.Aliud
937 3506 1014 3554 vero
1028 3484 1197 3553 eonsilium
1212 3485 1278 3574 qui·

193 3600 331 3670 busdam
356 3601 513 3689 optimum
539 3603 725 3686 videbatur3
752 3602 935 3692 huiusmodi
968 3601 1091 3670 seilicet
1114 3601 1272 3692 homines,

194 3715 281 3784 uelut
297 3717 453 3805 majorum
467 3716 625 3804 religioni,
642 3718 785 3786 moribus
800 3722 832 3785 et
846 3716 1000 3785 institutis
1014 3714 1161 3790 infestos,
1173 3713 1277 3803 expel-

195 3828 279 3910 lere;
306 3830 390 3917 qnod
413 3827 541 3916 quidem
565 3833 774 3917 Anaxagoras
799 3851 915 3918 passus
934 3835 1013 3897 erat.
1035 3828 1119 3897 Fieri
1138 3827 1275 3916 denique
