2684 4508
641 242 728 292 -tto
754 268 765 276 ν

173 439 280 506 {raudai
297 437 483 525 reipublicae
511 436 711 504 eonsiliuma
731 435 839 501 multis
854 434 985 501 ductum
1013 435 1138 502 tuisse?
1155 439 1258 503 Post-

170 572 266 640 quam
282 551 417 638 imperio
442 548 668 637 quadringenti
694 547 752 614 viri
768 565 840 614 sese
868 546 1021 615 abdicare
1036 547 1140 615 eoacti
1164 553 1253 624 sunt,

171 664 320 732 stabilem
334 664 482 739 formam,
500 683 574 751 quae
588 662 692 729 Attico
716 660 848 747 ingenio
864 665 939 748 apta
954 665 1052 738 esset,
1070 660 1128 728 sed
1144 680 1259 748 popu-

172 780 246 847 laris
257 777 446 865 reipublicae
460 775 662 843 incommoda
679 776 868 863 corrigeret,
887 775 1105 843 Theramenes
1120 780 1153 843 et
1173 776 1261 864 quis-

171 891 243 979 quis
258 890 449 978 optimatum
465 889 514 957 vol
530 888 786 956 modestissimus
812 888 861 955 vei
877 909 936 956 usu
957 909 1065 956 rerum
1089 888 1261 955 exercita-

170 1006 314 1073 tissimus
328 1008 416 1081 erat,
449 1003 569 1071 civitati
585 1003 751 1090 imponere
766 1006 984 1070 tentaverunt.
1016 1005 1117 1069 Novae
1146 1007 1259 1068 autem

172 1118 215 1184 ilii
231 1116 420 1204 reipublicae
437 1136 512 1204 qnae
534 1114 743 1181 fundamenta
760 1114 878 1180 fuerint
898 1134 916 1180 a
943 1113 1129 1199 Thucydide
1156 1133 1262 1179 acce-

176 1232 293 1320 pimus.
318 1216 441 1298 Civium
472 1248 588 1316 nempe
620 1228 761 1317 quinque
784 1227 925 1295 millibus
957 1227 1088 1294 decreta
1118 1227 1262 1293 faciendi

169 1348 223 1434 jus
250 1343 444 1433 permissum
476 1347 545 1419 est,
589 1341 627 1407 iis
663 1341 786 1408 scilicet
823 1341 877 1429 qui
918 1361 1008 1409 arma
1037 1341 1099 1407 sibi
1126 1341 1262 1428 proprio

172 1464 304 1546 sumptu
318 1476 433 1545 parare
449 1455 599 1543 possent13
617 1454 762 1543 quisquis
781 1459 941 1542 praeterea
956 1454 1100 1543 quolibet
1127 1453 1262 1521 functus

174 1592 308 1640 munere
323 1569 419 1637 uliam
447 1567 631 1635 mercedem
658 1575 790 1656 caperet
804 1568 883 1635 diris
904 1560 1115 1636 devoverunt.
1145 1569 1264 1637 Tribus

175 1706 255 1774 ergo
272 1684 396 1762 obolis,
423 1703 504 1772 quos
518 1688 585 1749 tam
598 1702 688 1769 saepe
703 1681 824 1750 luserat
844 1681 1098 1770 Aristophanes,
1113 1682 1264 1770 judicum

178 1798 308 1867 libertas
323 1797 528 1886 dignitasque
557 1816 619 1862 non
635 1795 773 1883 amplius
787 1794 1037 1863 venumdabitur
1054 1819 1062 1877 ;
1086 1816 1184 1863 nemo
1198 1794 1264 1863 illis

176 1911 284 1979 dicere
299 1909 431 1977 audebit
449 1934 456 1975 :
477 1935 489 1969 a
508 1912 600 1975 Hune
615 1907 778 1974 hominem
795 1907 856 1973 nisi
869 1907 1120 1985 damnaveritis
1140 1895 1263 1995 panem

176 2024 268 2092 vobis
280 2023 427 2110 eripiam.
448 2049 460 2082 r
490 2021 602 2088 lnhma
617 2027 725 2088 autem
740 2020 907 2108 plebecula
933 2022 985 2089 cui
997 2027 1064 2089 tres
1079 2022 1166 2091 oboli
1182 2023 1265 2088 uni-

176 2162 233 2211 cus
258 2147 351 2209 erant
366 2141 507 2218 reditus,
526 2135 710 2210 Ἀθηναίων
728 2143 790 2210 iste
803 2133 1002 2228 κολοσυρτός.
1024 2160 1121 2228 quem
1138 2141 1265 2228 publici

176 2263 395 2326 assentatores
414 2278 487 2325 sese
509 2266 773 2346 propugnaturus
791 2261 920 2347 jurant,
948 2261 1089 2344 ePnyce
1109 2257 1266 2323 excludi-

176 2378 241 2439 tur.
257 2371 304 2438 Ad
320 2350 904 2460 ditissimosprudentissimosqueres
926 2370 1028 2445 redit,
1050 2390 1189 2458 quorum
1214 2371 1266 2437 vis

178 2505 217 2551 ae
231 2485 331 2552 robur
345 2483 376 2549 in
395 2483 560 2571 Equitibus
581 2489 717 2551 constat.

224 2625 283 2706 Qui
299 2625 334 2691 tit
348 2626 447 2713 igitur
461 2633 496 2692 ut
516 2625 749 2713 Aristophanes
765 2625 824 2694 hos
839 2632 946 2694 motus
970 2647 1032 2693 non
1062 2626 1203 2694 iaudet‘?
1232 2629 1267 2694 Si

180 2738 396 2827 spectantium
412 2739 491 2805 irum
507 2739 643 2814 metuit,
673 2759 755 2827 quos
769 2739 1081 2828 quadringentorum
1105 2740 1270 2829 impoten-

178 2853 234 2922 tiae
249 2858 316 2921 tam
336 2852 399 2921 cito
415 2858 592 2941 pertaesum
608 2860 678 2931 est,
697 2874 755 2920 cur
769 2853 884 2921 saitem
898 2855 1090 2922 Therameni
1106 2874 1172 2922 non
1194 2876 1269 2943 par-

176 2967 242 3046 cit,
273 2987 337 3055 quo
363 2971 496 3032 auctore
508 2965 649 3054 quinque
676 2965 815 3032 millibus
832 2965 948 3034 civium
968 2968 1150 3055 respublica
1178 2991 1269 3037 com·

179 3080 278 3147 misse
294 3085 345 3146 est
363 3085 378 3146 ἰ)

227 3221 267 3286 At
280 3220 472 3307 optimatum
486 3220 529 3286 ihi
549 3220 711 3297 fautores,
742 3241 822 3309 quos
850 3221 1017 3309 popularia
1032 3220 1179 3290 instituta
1201 3222 1270 3291 de-

183 3331 318 3398 ridendo
333 3339 364 3398 et
381 3330 548 3420 adjuverat
573 3337 605 3399 ot
630 3333 762 3400 forsitan
789 3332 1002 3400 suscitaverat
1017 3332 1266 3421 Aristophanes,

184 3444 284 3512 muita
300 3444 447 3511 fecerunt
460 3446 577 3532 quibus
590 3445 706 3512 comici
721 3446 894 3513 animumn
910 3466 945 3512 se
958 3444 1192 3514 abalienarent.
1208 3449 1270 3514 Rc-

184 3558 357 3627 cordemur
371 3557 458 3624 enim
472 3561 520 3625 tot
548 3557 687 3623 nefarias
702 3559 943 3645 conjuratorum
973 3564 1083 3636 arteS,
1114 3563 1163 3626 tot
1181 3559 1270 3626 insi-

183 3671 255 3738 dias
270 3671 311 3738 ab
326 3669 365 3736 iis
379 3688 438 3757 per
451 3673 552 3735 totam
581 3669 694 3736 urbem
710 3675 850 3737 structas
865 3695 872 3751 ;
890 3677 924 3738 et
945 3670 1121 3738 intentatos
1148 3670 1269 3758 ubique

184 3783 375 3870 optimatum
390 3781 583 3848 adversariis
594 3781 764 3869 pugiones,
776 3787 809 3849 et
818 3802 1008 3870 oppressam
1019 3783 1189 3871 multiplici
1201 3787 1266 3851 ter

190 3914 263 3961 rore
282 3895 455 3961 civitatem.
470 3893 551 3974 Quid
565 3893 698 3968 tristius,
713 3900 746 3959 et
757 3893 869 3960 festivo
892 3896 1117 3982 Aristophanis
1136 3896 1268 3984 ingenio
