2684 4508
551 233 704 289 -utu-

92 430 243 507 Pericles,
261 428 442 499 Alcibiades
455 429 688 513 instruxerunt;
702 418 872 519 ‘nunquam
887 450 963 499 vero
982 430 1168 519 accepimus

91 562 148 611 eos
162 542 194 610 in
209 561 306 611 scena
326 542 514 611 nominatim
529 540 724 631 praedicatos
737 561 820 621 esso,
837 543 887 611 vel
902 541 1034 611 <unsilia
1054 562 1169 611 eorum

93 658 230 728 scenicis
255 640 402 728 versibus
424 658 542 748 populo
562 656 808 743 commendata3
826 657 901 727 illud
920 659 1005 728 enim
1028 658 1113 750 quod
1134 658 1171 727 in
1212 724 1216 739 ,

92 771 265 842 Alcibiadis
275 771 441 850 honorem,
455 771 627 841 Plutarcho
640 776 735 851 teste,
752 771 927 861 scripserat
938 770 1119 862 Euripides,
1136 771 1170 839 in

93 883 220 954 theatro
234 902 298 953 noo
313 884 481 954 recitatum
494 884 593 954 luisse
603 884 748 969 videtum
761 884 933 975 Phrynichi
944 889 1051 955 autem
1065 889 1172 955 Persis

93 997 200 1085 ipsum
222 996 469 1066 Themistoclem
492 997 637 1086 apertius
658 1016 730 1067 usse
753 996 916 1067 laudatum
936 1019 1032 1089 quum
1055 1003 1169 1088 postea

95 1111 136 1180 ab
157 1109 306 1200 AEschylo
332 1109 503 1179 Aristidem
518 1109 624 1180 nullus
639 1110 733 1182 nobis
747 1116 935 1181 auctorest.

139 1249 302 1315 Praeterea
321 1245 438 1315 choros
458 1245 682 1317 ordinantibus
704 1246 786 1317 adeo
805 1268 868 1317 nou
888 1253 995 1336 poetae
1017 1248 1170 1318 inservie-
1208 1332 1210 1342 Ι

94 1360 194 1439 bant,
210 1363 371 1431 uteorum
386 1358 529 1429 avaritiae
543 1379 583 1429 ac
596 1359 745 1430 sordibus
757 1360 917 1430 interdum
931 1361 1121 1431 reclumurc¹
1137 1368 1171 1430 et

95 1472 184 1563 quasi
198 1471 238 1541 ad
253 1473 407 1563 populum
421 1492 599 1563 provocare
613 1474 850 1544 consueverint.
867 1479 931 1546 Cur
944 1475 1043 1564 igitur
1060 1494 1171 1563 popu-

95 1586 170 1655 laris
194 1607 301 1656 rerum
337 1592 440 1657 status
462 1586 548 1658 uitiis
573 1594 606 1657 et
626 1587 763 1658 licentiae
796 1588 957 1659 adversati
983 1590 1048 1658 sint
1070 1588 1171 1656 altera

95 1700 225 1791 gravior
239 1720 336 1770 causa
350 1699 526 1790 quaerenda
543 1707 604 1770 est.

137 1835 341 1905 Meminimus
353 1832 483 1925 quidem
503 1836 716 1906 clarissimum
738 1858 898 1927 quemque
919 1836 1054 1908 Athenis
1072 1837 1175 1927 scrip·

94 1953 198 2017 torem
226 1948 372 2018 eamdem
399 1928 531 2020 causam
558 1948 759 2033 defendisse3
786 1949 1020 2041 Thucydidem,
1055 1954 1172 2020 Xeno-

93 2061 259 2151 phontem,
272 2062 450 2143 Platonem,
463 2067 648 2143 Isocratem,
659 2064 875 2143 Aristotelem,
885 2064 936 2133 uel
947 2064 1171 2154 optimatibus,

93 2176 143 2244 vel
169 2174 385 2246 mediocribus
403 2176 479 2246 viris
507 2176 738 2266 rempublicam
762 2177 876 2247 melius
901 2197 997 2269 quam
1023 2177 1173 2247 universo

94 2289 212 2377 populo
236 2289 391 2358 committi
415 2289 597 2379 judicasse3
627 2289 684 2360 sed
716 2291 881 2380 multiplex
913 2289 984 2361 illos
1010 2311 1107 2360 causa
1130 2289 1172 2360 ad

92 2401 177 2471 hanc
199 2402 383 2492 opinionem
399 2403 585 2474 sectandam
607 2403 746 2494 impulit.
765 2403 985 2495 Thucydidem
1004 2403 1093 2472 enim
1112 2422 1173 2492 pro

92 2516 299 2606 optimatibus
313 2517 345 2584 in
360 2516 429 2585 loro
444 2522 582 2587 stantem
597 2518 701 2607 plebis
714 2518 760 2587 ira
773 2517 806 2587 in
819 2519 965 2588 exsilium
978 2517 1117 2609 conjecit
1137 2523 1171 2586 ct

92 2629 234 2699 animum
246 2629 417 2700 scribendo
430 2650 591 2721 occupare
605 2636 702 2721 utque
715 2633 810 2701 solari
824 2633 949 2722 coegit3
965 2632 1172 2721 Xenophon·

94 2745 175 2821 tem,
194 2740 361 2810 Platonem
378 2745 411 2809 et
433 2741 647 2811 amicissimos
671 2743 794 2812 Socrati
819 2742 994 2833 discipulos
1017 2743 1174 2833 magister

93 2854 234 2944 propriis
248 2854 396 2924 sensibus
410 2855 543 2938 imbuit;
571 2859 750 2935 Isocrates,
768 2855 894 2926 intirma
914 2854 1097 2926 ualetudine
1122 2856 1173 2925 vel

92 2965 206 3035 timido
226 2966 367 3036 animoa
387 2967 569 3038 forensibus
584 2968 734 3057 procellis
758 2967 942 3048 deterritus,
967 2967 1172 3038 umbratilem

94 3078 273 3149 rhetorices
305 3078 433 3149 laudem
464 3080 612 3170 populari
637 3081 733 3151 ibrum
754 3087 787 3151 et
815 3081 997 3151 auctoritati
1029 3086 1172 3171 antepo-

10 3266 12 3273 ,
94 3194 177 3276 suit;
198 3192 386 3263 Aristoteles
409 3213 486 3262 vcro
508 3193 644 3264 Athenis
672 3214 737 3264 non
757 3201 852 3267 natus
877 3201 961 3276 erat,
978 3202 1012 3265 et
1032 3214 1172 3284 quume

91 3305 278 3376 Macedonia
297 3304 472 3385 oriundus,
488 3307 736 3399 Macedonisque
761 3308 849 3399 regis
871 3314 1056 3398 praeceptor
1070 3312 1167 3388 essct,

92 3417 208 3487 Atticae
220 3417 326 3508 plebis
340 3417 509 3488 commoda
526 3417 577 3488 vel
590 3419 772 3490 voluntates
792 3440 907 3510 parum
929 3420 1075 3491 curabat.
1092 3419 1172 3489 Cla·
1222 3434 1225 3443 ·

90 3529 209 3599 rissimi
222 3551 301 3621 ergo
316 3529 360 3601 illi
373 3529 587 3622 philosophie
602 3539 635 3601 et
647 3532 789 3602 historiae
803 3533 1003 3613 conditores,
1019 3530 1170 3623 quoniam

129 3899 135 3937 ⁵
158 3897 296 3971 Aristoph,
311 3898 396 3965 llam,
413 3916 437 3957 a.
454 3900 584 3959 tut-tub.
