2684 4508
630 219 656 230 α·
678 190 711 240 tht
733 218 763 227 -

155 384 337 473 respublica
360 382 547 470 gerebatur,
563 384 655 461 Nunc
670 384 778 446 auteur
795 379 885 445 multi
900 379 1076 446 conciones
1097 400 1138 446 ae
1146 381 1245 468 iudi-

155 499 203 566 cia
219 497 375 565 invadunt
389 496 442 584 qui
458 499 659 587 praetertres
675 491 787 559 obolus
811 491 854 558 nil
870 491 992 560 habent
1006 492 1093 560 unde
1107 511 1247 560 vescan-

153 618 228 692 tur;
260 610 353 698 probi
380 629 456 676 vero
478 628 517 674 ac
540 607 624 674 hene
653 605 722 672 suni
748 604 845 681 eires,
861 625 942 692 quos
969 610 1037 672 tres
1062 604 1151 672 oholi
1176 627 1245 674 non

64 727 66 731 ’
154 723 314 799 alliciunt,
284 721 530 789 ttemerarius
570 718 752 785 istorumt
739 717 894 784 tumultus
916 715 1030 792 veriti,
1068 719 1246 786 concioni-

154 837 216 904 bus
229 856 318 924 saepe
342 834 518 902 abstinent
548 833 611 900 Sed
626 833 736 920 unte
757 853 798 919 op
801 832 893 898 timat
895 851 950 909 eS,
969 832 1078 899 aiebat
1064 837 1181 900 ttnos
1182 853 1243 915 er;

156 948 277 1037 populo
304 947 518 1036 persuadete,
545 908 644 1013 tantis
660 945 807 1013 cladibus
830 949 946 1032 accept
947 945 992 1022 is,
1017 951 1111 1013 tanto
1135 945 1247 1013 adhue

155 1060 301 1149 pondere
320 1060 479 1128 bellorum
494 1064 684 1146 premente,
715 1058 774 1125 hos
785 1056 955 1146 judiciales
968 1057 1249 1146 concionalesque

156 1173 328 1260 sumptus,
349 1192 430 1261 quos
451 1171 548 1239 toties
573 1171 606 1238 in
630 1170 759 1238 theatro
782 1169 903 1255 derisi,
935 1189 1016 1257 quos
1030 1169 1125 1237 novis
1144 1170 1247 1237 etiam

48 1283 51 1289 ’
152 1287 235 1376 jocis
258 1286 429 1362 insector,
459 1284 590 1351 tandem
616 1283 808 1351 minuendos
843 1303 927 1351 esse.
956 1282 1048 1364 Quod
1085 1288 1122 1351 ut
1150 1285 1248 1355 vobis

155 1418 345 1466 concessum
361 1396 456 1464 luerit
466 1447 480 1474 ,η
492 1416 610 1464 vacuas
626 1396 731 1483 magis
741 1416 787 1463 ae
804 1395 909 1483 magis
923 1395 1094 1484 plebecula
1114 1401 1248 1467 concio-

156 1532 214 1580 nes
254 1514 428 1598 occupate,
456 1509 577 1597 judicia
611 1509 651 1575 ad
689 1529 746 1576 vus
785 1508 921 1586 trahite,
952 1529 1026 1596 quae
1056 1529 1245 1597 pauperes,

154 1625 240 1693 nulla
254 1623 403 1692 mercede
418 1623 595 1710 proposita,
613 1642 728 1689 curare
737 1624 805 1709 jam
821 1622 1028 1690 recusabunt.
1049 1626 1141 1690 Tunc
1158 1623 1249 1692 Aris·

155 1742 255 1810 tidem
272 1732 399 1819 imitati,
412 1740 564 1809 liberiore
577 1741 704 1808 vinculo
720 1746 753 1808 et
766 1741 809 1809 ob
822 1739 962 1827 idipsum
977 1740 1120 1808 firmiore
1136 1742 1249 1819 socias

158 1856 256 1923 urbes
268 1854 344 1922 huie
366 1855 522 1943 Jungetis.
542 1858 589 1922 lta
604 1853 644 1921 ad
661 1854 831 1941 pristinum
845 1858 987 1931 statum,
1016 1860 1085 1920 tam
1112 1856 1251 1922 floren-

157 1976 223 2035 tem
238 1966 506 2055 prudentemque,
524 1986 542 2033 e
571 1967 689 2038 nostris
704 1966 834 2054 ineptiis
848 1965 1037 2035 redibimus.

205 2133 218 2167 a
237 2110 330 2173 Hunc
342 2123 430 2182 vero,
442 2124 507 2172 non
522 2108 633 2171 vetera
647 2109 772 2171 tantum
785 2102 975 2191 reipublicae
989 2103 1138 2172 instituta
1154 2125 1251 2194 repe-

156 2217 266 2296 tenda,
289 2216 339 2285 vel
360 2217 541 2285 recentiora
556 2216 689 2284 Periclis
704 2220 737 2284 et
758 2215 885 2284 Cleonis
911 2216 1043 2284 decreta
1058 2217 1246 2298 abolendo,

158 2331 366 2399 restituemus
378 2352 385 2411 ;
399 2329 515 2416 priscis
526 2328 612 2395 enim
625 2328 781 2405 moribus,
795 2328 911 2415 priscis
924 2328 1040 2395 animis
1052 2329 1148 2398 nobis
1162 2351 1250 2418 opus

77 2524 80 2541 Ι
157 2450 218 2512 est.
231 2443 295 2511 Sed
305 2444 388 2509 inter
400 2447 449 2508 tot
459 2441 546 2508 cives
556 2440 610 2528 qui
620 2461 677 2509 vus
688 2440 728 2507 ad
739 2440 850 2528 populi
862 2444 1041 2528 potentiam
1055 2442 1251 2512 dissolven-

157 2557 233 2624 dam
256 2556 437 2632 hortantur,
455 2551 709 2641 quotusquisque
724 2554 873 2642 antiquus
889 2575 996 2622 mures
1011 2555 1129 2635 refert,
1153 2559 1252 2626 anti-

159 2690 257 2759 quum
272 2668 416 2735 animum
428 2666 526 2754 gerit,
543 2665 762 2755 sophistarum
782 2667 937 2755 argutiis,
954 2668 1248 2757 disputationibus,

159 2779 323 2870 impietati.
340 2777 479 2867 denique
498 2777 711 2846 inviolatum?
729 2782 812 2846 Num
838 2778 1003 2866 Antiphon
1027 2778 1110 2858 iste,
1128 2782 1186 2868 qui
1205 2783 1251 2851 ah

158 2893 309 2960 omnihus
323 2889 539 2958 Rhamnusius
562 2889 707 2976 sophista
732 2895 988 2959 vuenturlllum
1005 2890 1247 2973 TherameneS,

160 3007 212 3095 qui
232 3003 403 3072 aProdieo
426 3006 503 3071 Goeo
528 3009 560 3071 et
582 3023 600 3069 a
626 3005 760 3070 Socrate
777 3003 838 3070 luit
852 3004 1069 3075 educatust»

203 3159 238 3227 ld
251 3159 337 3243 enim
347 3157 513 3246 praeeipue
527 3157 761 3244 Aristophanes
776 3157 909 3237 studuit,
928 3164 963 3226 ut
978 3161 1103 3229 civibus
1117 3163 1251 3249 proha-

161 3279 210 3342 ret
224 3293 276 3341 res
290 3273 438 3361 publicas
453 3273 660 3360 privatasque
677 3271 763 3338 nulla
778 3271 903 3340 ratione
924 3274 1040 3341 melius
1055 3275 1108 3362 agi
1124 3296 1247 3363 posse,

160 3404 257 3475 quam
273 3385 299 3452 si
311 3386 472 3469 majorum
487 3386 556 3451 ritu
568 3387 797 3460 tractarentur,
816 3382 896 3451 side
912 3383 1069 3473 religione
1084 3405 1123 3453 ac
1139 3388 1252 3455 mori-

159 3499 221 3566 hus
235 3495 345 3564 traditi
364 3516 382 3562 a
405 3495 551 3582 patribus
573 3500 781 3562 servarentur
797 3515 923 3562 sensus.
940 3497 1024 3564 Nulli
1038 3518 1117 3565 vero
1140 3501 1251 3588 magis

159 3631 255 3699 quam
270 3608 427 3698 sophistae
454 3626 561 3675 mures
577 3606 726 3694 antiquos
746 3614 778 3674 et
800 3613 947 3675 veterum
974 3612 1117 3677 Deorum
1146 3610 1248 3679 sidem

159 3721 410 3790 labefactabant.
440 3718 533 3800 Quod
557 3719 584 3786 si
617 3738 730 3786 omnes
756 3718 929 3806 optimates
957 3719 989 3786 in
1015 3721 1248 3809 Aristophanis

159 3839 416 3921 caeterorumque
432 3829 630 3900 comicorum
646 3829 838 3896 sententiam
854 3829 1117 3910 descendissent,
1131 3852 1246 3920 quan—
