2684 4508
363 905 366 910 ,
415 810 606 907 CAPUT
642 810 921 906 TERTIUM.

618 1065 713 1075 pm...—

149 1254 190 1299 nu
213 1253 337 1302 oonrcrs
359 1253 467 1302 romrs
489 1254 542 1311 our
565 1252 648 1302 nuru
671 1253 915 1302 anrsrornnuuu
942 1248 1002 1302 vac
1025 1253 1089 1302 cun
1113 1253 1184 1302 runo

583 1362 752 1433 tirrenum.

129 1599 132 1603 ’
173 1602 451 1684 Quemadmodum
469 1604 659 1693 popularem
686 1602 824 1671 civitatis
850 1607 971 1671 statum
999 1601 1077 1670 nihil
1105 1600 1210 1691 magis

127 1717 222 1786 decet
244 1737 340 1807 quam
364 1716 494 1805 antiqua
518 1713 570 1783 illa
593 1714 838 1784 Atheniensium
857 1713 1036 1804 comoedia„
1063 1713 1108 1782 ita
1131 1713 1210 1782 nulli

127 1832 218 1919 operi
233 1830 397 1919 popularis
411 1827 594 1918 respublica
609 1827 714 1919 magis
728 1828 911 1897 necessaria
925 1835 986 1898 est.
1004 1831 1109 1910 Quum
1124 1827 1210 1896 enim

127 1945 223 2035 pauci
237 1943 455 2023 dominantur,
472 1943 547 2013 hacc
560 1944 662 2014 eliusa
677 1943 718 2011 de
738 1942 888 2012 omnibus
902 1942 1000 2012 rebus
1014 1941 1211 2012 hominihus
1239 1947 1241 1953 '

128 2079 191 2148 que
211 2058 360 2147 loquendi
375 2059 504 2127 licentia
527 2057 720 2151 arctioribus
746 2077 875 2146 semper
898 2057 1044 2125 terminis
1067 2048 1210 2126 coerceri

129 2172 222 2242 solet.
236 2175 307 2240 Non
321 2171 543 2259 grammaticis
552 2170 701 2261 equidem
712 2177 801 2239 certa
811 2171 997 2261 incertaque
1006 2176 1129 2239 temere
1140 2192 1211 2239 uar-

130 2285 276 2354 rantihus
290 2285 335 2352 ita
349 2283 554 2363 crediderim,
571 2289 607 2352 ut
618 2284 694 2353 iude
708 2283 902 2353 comoediam
917 2303 1034 2353 nomen
1045 2284 1211 2373 accepisse

132 2411 256 2492 putem,
273 2404 358 2495 quod
377 2403 553 2493 incipiente
574 2405 678 2474 somni
698 2404 748 2473 vel
768 2396 920 2492 κώματος
933 2386 1081 2495 ternpore
1099 2405 1210 2482 rustici

129 2519 162 2586 in
177 2518 291 2611 urbem
315 2519 425 2587 venire
447 2517 658 2599 assueverint,
683 2516 836 2587 ditiorum
850 2518 1133 2608 potentiorumque
1154 2518 1211 2587 in-

129 2629 299 2699 solentiam
313 2617 550 2713 denuntiaturi3
567 2634 601 2698 at
614 2630 886 2719 quemadmodum
900 2651 941 2699 cx
954 2631 1109 2721 gravibus
1122 2635 1211 2699 Bac-

129 2743 183 2810 chi
197 2743 312 2813 ritibus
325 2742 497 2832 tragoedia,
514 2744 560 2812 ita
583 2763 623 2812 ex
636 2743 792 2812 hilaribus
806 2744 1028 2834 protervisquc
1049 2744 1210 2814 comoedia
1277 2802 1279 2806 ,

130 2862 239 2925 exorta
264 2862 325 2935 est,
348 2861 382 2925 et
406 2855 481 2925 haec
505 2855 645 2925 nominis
666 2856 776 2946 origo,
794 2877 812 2924 a
827 2855 975 2945 plurimis
989 2856 1210 2946 grammaticis

130 2968 245 3038 crebro
260 2967 378 3046 relata,
396 2967 481 3036 inter
494 2967 683 3039 temerarias
697 2966 768 3037 illas
782 2966 924 3036 Platonis
936 2968 1155 3058 Varronisque
1169 2967 1210 3037 de

129 3078 303 3148 verborum
317 3085 389 3147 ortu
413 3080 616 3169 conjecturas
634 3079 833 3167 reponenda.
858 3079 893 3148 ld
913 3085 1022 3148 tamen
1045 3101 1105 3170 pro
1120 3085 1209 3150 certo
1303 3164 1306 3170 1

130 3200 260 3263 maneat
274 3195 479 3278 comoediam,
496 3193 602 3284 primo
617 3193 772 3263 adversus
795 3193 928 3264 ditiores
946 3194 1211 3293 potentioresque

130 3328 331 3387 conversam,
348 3308 391 3378 oh
414 3307 555 3397 idipsum
577 3299 666 3397 plchi
679 3313 806 3398 gratam
827 3313 861 3378 et
885 3313 1053 3398 acceptam
1076 3308 1207 3379 luisset

130 3421 194 3492 Sed
217 3421 406 3512 antiquioris
428 3421 599 3494 comoediae
621 3444 640 3491 a
666 3422 839 3493 Susarione
856 3424 1039 3514 Megarensi
1054 3423 1206 3502 conditae,

134 3636 379 3654 -ὴ--ῇ-ι

170 3815 300 3871 ¹Platonii
313 3823 339 3871 et
362 3816 469 3873 aliorum
492 3818 522 3873 de
550 3817 678 3874 comoediis
692 3824 828 3874 comment.
843 3815 868 3871 iu
892 3815 958 3872 Bihl.
975 3813 1056 3870 [tidot.
1082 3811 1210 3883 Aristoph.

131 3904 266 3961 Scholiast.
281 3904 386 3976 praefixi.
