2684 4508
599 221 740 276 ..60-

129 416 247 485 dixisse
261 416 418 484 exclamo.
434 419 596 484 llorosum
611 435 689 483 saue
704 435 826 493 senem,
844 421 878 482 et
890 414 1041 493 delirum,
1062 422 1097 483 et
1111 436 1209 505 usquc

130 530 170 596 ad
184 528 342 597 sartvitiam
352 527 559 596 cerebrosum
569 534 648 596 tune
659 549 694 596 se
708 527 848 616 praebuit
858 528 1114 616 populus,quum
1127 535 1209 597 rete

130 662 200 708 rum
212 641 401 729 religionum
410 640 518 728 specie
528 641 715 710 oboaeoatus
725 641 864 709 victores
873 639 914 708 ad
921 642 1103 730 Arginusas
1113 641 1211 710 ducas

130 753 273 822 carnilici
286 751 415 821 tradidit
429 775 436 821 :
449 753 505 821 sed
519 774 604 822 aurio
615 759 690 822 ante
701 755 902 842 sexagesimo
912 755 1080 824 Cimonem
1091 755 1212 824 invidae

130 865 373 936 Lacedaemouis
385 888 515 936 eausam
528 874 680 957 agentem
696 873 786 936 tanta
808 870 1074 958 magnanimitate
1093 870 1213 938 audie-

132 988 216 1057 rant,
233 985 268 1048 ut
290 999 392 1070 prope
414 981 578 1069 oppressis
601 980 728 1049 aemulis
751 981 866 1050 auxilia
893 983 1071 1051 mitterent.
1096 986 1132 1050 lu
1152 983 1214 1051 boc

132 1094 265 1164 stultum
290 1114 385 1183 quem
408 1093 555 1184 depingit
576 1095 808 1184 Aristophanes
828 1095 981 1185 populum
1005 1096 1128 1166 frustra
1155 1119 1214 1166 re-

131 1208 236 1298 quiro,
249 1214 283 1277 ct
294 1211 448 1296 Equitum
460 1208 608 1297 scriptori
622 1209 772 1298 indignor
784 1234 792 1278 ε
804 1210 964 1278 immerito
971 1210 1123 1300 quidem3
1139 1232 1214 1278 nam

132 1321 246 1391 comici
258 1323 366 1412 operis
377 1325 451 1412 jure
469 1342 546 1392 usus
560 1328 622 1401 est,
643 1328 676 1391 ct
694 1321 766 1391 ideo
786 1328 912 1391 tantum
933 1322 1093 1392 mendacii
1119 1326 1215 1415 argui

132 1441 249 1525 protest,
266 1436 352 1526 quod
373 1435 526 1526 quidquid
546 1456 658 1506 verum
679 1442 748 1504 erat
775 1457 838 1504 non
860 1437 1047 1505 declaravit.
1074 1438 1216 1506 Prodcat

132 1548 230 1637 igitur
245 1553 371 1617 nostros
384 1554 458 1616 aute
473 1549 584 1617 oeulos
604 1549 742 1637 populus
762 1548 825 1627 ille,
845 1551 907 1626 oui,
931 1556 965 1617 ut
981 1569 1034 1618 res
1056 1570 1134 1618 suas
1155 1571 1216 1618 sa-

133 1661 261 1750 pienter
274 1668 378 1751 gerat,
396 1661 539 1752 equitum
562 1662 703 1730 consiliis
715 1683 797 1750 opus
823 1668 883 1731 est.
903 1664 1053 1741 Prodeat,
1076 1685 1156 1743 non,
1181 1673 1216 1732 ut

135 1773 268 1842 forsitan
286 1782 522 1864 exspectamus,
545 1775 737 1864 pubescenti
760 1794 862 1863 puero
877 1774 989 1842 similis
1003 1777 1054 1844 cui
1078 1775 1167 1845 vires
1185 1785 1218 1844 et

136 1885 243 1955 aetatis
257 1884 354 1954 ardor
366 1892 551 1975 supersunt,
571 1908 667 1976 quem
680 1906 755 1955 vero
771 1887 971 1956 adulationes
988 1894 1020 1956 et
1039 1889 1218 1958 conciones

136 1997 331 2076 temerariae,
348 2004 381 2066 et
391 1999 472 2087 stips
482 2000 522 2068 ab
535 1999 718 2067 oratoribus
732 1998 915 2078 distributa,
933 2007 967 2068 et
979 2000 1142 2087 promissa
1162 2002 1220 2068 in-

134 2109 277 2179 sularum
291 2110 413 2179 tributa
424 2132 463 2179 ac
477 2111 595 2181 Siciliae
611 2112 783 2201 imperium
798 2118 1019 2201 corrumpunt,
1038 2112 1095 2180 sed
1116 2133 1218 2182 senex

136 2231 244 2292 mente
267 2225 461 2305 deminutus,
489 2227 543 2315 qui
566 2226 728 2316 quondam
753 2246 889 2314 corpore
915 2231 950 2294 et
967 2227 1074 2294 animo
1097 2227 1215 2315 viguit,

136 2359 222 2408 nuuc
236 2346 345 2408 autem
361 2340 581 2410 adulatoribus
593 2345 625 2409 at
640 2340 760 2407 scurris
772 2339 929 2409 obnoxius
938 2341 1056 2429 jaeet¹.

181 2475 240 2546 Vix
252 2481 412 2545 oratorem
426 2477 478 2545 ille
491 2477 601 2555 audiit,
615 2496 775 2545 summum
788 2497 866 2566 erga
881 2477 1047 2566 populum,
1064 2478 1128 2546 imo
1138 2500 1220 2569 erga

137 2591 280 2661 infimam
292 2593 494 2682 plebeculam
510 2594 652 2662 studium
674 2594 891 2682 profitentem,
916 2616 1013 2684 quum
1037 2596 1135 2663 stulta
1157 2618 1221 2665 su-

135 2704 247 2793 perbia
259 2706 372 2785 elatus,
392 2706 586 2776 demulcenti
602 2708 744 2796 parasito
758 2709 866 2777 omnia
879 2708 1066 2797 permittit².
1083 2709 1160 2788 Sed,
1185 2719 1223 2779 ut

138 2817 223 2906 apud
239 2838 311 2888 eum
326 2818 477 2889 diuturna
501 2822 604 2910 gratia
620 2822 744 2890 fruatur
762 2821 919 2902 adulator,
942 2823 1020 2890 istas
1043 2823 1223 2892 verborum

138 2931 309 3002 blanditias
328 2934 469 3023 quotidie
490 2955 646 3003 renovare
669 2935 778 3014 debet,
805 2940 838 3004 et
860 2936 886 3003 si
908 2936 978 3025 quis
995 2935 1077 3003 alter
1098 2934 1222 3026 populo

140 3044 269 3133 plaeere
286 3052 431 3126 conatur,
449 3047 525 3116 huic
539 3047 742 3136 competitori
756 3049 840 3117 viam
853 3049 1067 3137 praecludere.
1085 3053 1223 3119 Gratum

140 3159 209 3227 seni
231 3179 347 3228 munus
368 3161 485 3229 offerre
508 3166 600 3249 parat
625 3162 859 3230 Demosthenes
883 3163 1081 3250 imperator:
1111 3171 1226 3233 currat

141 3271 239 3360 igitur
251 3273 337 3352 Cleo,
356 3278 482 3342 coctam
495 3278 707 3363 ornatamque
721 3274 903 3362 placentam
918 3275 1094 3364 praeripiat
1114 3282 1147 3367 et
1163 3299 1225 3347 suo

142 3387 272 3455 nomine
290 3387 445 3456 esurienti
459 3388 589 3458 domino
610 3389 794 3477 apponat³z
822 3391 957 3459 aemulos
980 3396 1087 3458 autem
1109 3396 1226 3463 eonti-

179 3805 187 3834 ¹
208 3805 345 3877 aristoph„
362 3806 463 3878 Epuil„
480 3823 503 3860 v.
522 3806 617 3870 ill-iffi
636 3815 659 3858 ot
675 3805 776 3875 passim.
793 3807 845 3863 :²
864 3806 911 3871 ld.,
932 3805 1004 3871 ibid,
1021 3824 1044 3861 r.
1062 3806 1223 3878 :lldersqrp

31 3958 34 3963 ι
143 3915 175 3938 =
201 3895 213 3933 ³
234 3893 280 3958 ld.,
320 3893 392 3958 iliu,
409 3910 433 3948 v.
450 3893 485 3947 55
499 3901 525 3946 et
539 3910 592 3964 seq.
