2684 4508
595 184 700 240 -173
725 154 750 227 -'

132 380 216 445 sium
237 384 319 446 aetas
337 377 434 445 nrisor
454 378 606 466 plectitur
621 379 803 467 Euripides.
832 380 970 449 «Unde.
990 383 1025 449 lit
1050 402 1167 473 nempe
1182 392 1217 451 ut

131 495 182 575 vel
198 491 394 561 humillimus
417 491 552 580 quisque
567 491 645 560 civis
660 492 768 559 omnia
783 476 905 561 circum
921 495 1101 583 speculari,
1117 517 1216 565 scru-

132 609 213 687 tari,
235 609 391 698 suspicari
406 628 445 678 ac
472 609 663 679 subodorari
681 596 848 698 gaudeam
873 613 915 679 Ut
940 629 975 678 se
999 610 1136 679 invicem
1151 612 1218 680 de-

132 722 281 790 nuntient
307 742 443 800 omnes,
483 727 516 790 et
541 721 789 800 calumnientur,
822 728 854 789 ct
881 734 1034 810 perversa
1066 723 1215 792 facundia

131 836 307 903 subruant¹
321 861 334 896 ι
348 840 363 903 ‘l
378 839 424 902 Ex
439 833 592 923 Euripide
608 834 681 903 lraec
690 835 797 902 omnia
811 835 984 916 fluxerunt,
992 837 1046 926 qui
1057 837 1214 918 curiosos,

132 955 165 1015 et
177 947 362 1036 disputandi
372 948 624 1026 amantissimos,
634 953 667 1014 et
679 947 831 1036 loquaces
840 947 927 1016 viros
937 948 969 1016 in
985 969 1116 1025 scenam
1128 951 1217 1020 indu-

133 1061 188 1128 cit.
199 1064 371 1148 Postquam
383 1061 452 1148 ejus
463 1059 516 1147 agi
529 1057 703 1147 tragmdlae
714 1067 833 1147 coeptae
844 1063 929 1138 suut,
942 1062 1111 1148 gymnasia
1120 1063 1216 1152 vulgo

132 1173 348 1254 deseruntur3
378 1173 419 1240 ad
444 1172 579 1242 subtiles
603 1173 763 1261 argutias,
788 1173 829 1240 ad
848 1172 1072 1261 garrulitatem
1089 1177 1217 1264 turpis-

133 1286 276 1373 simaque
292 1292 403 1373 stupra
423 1288 491 1352 tota
507 1304 542 1366 se
564 1284 724 1352 convertit
738 1286 925 1374 juventus2.
941 1324 988 1337 -
999 1287 1137 1357 Militare
1147 1291 1214 1378 jam

130 1400 227 1487 periit
249 1399 336 1487 apud
351 1398 565 1466 Athenienses
584 1398 726 1466 studium
741 1406 753 1481 ;’
779 1398 864 1467 nulla
886 1401 954 1489 jam
976 1401 1092 1471 bellica
1113 1403 1215 1472 virtus

133 1513 164 1578 in
180 1532 292 1580 eorum
308 1512 423 1604 animis
438 1515 586 1578 versatur
602 1533 610 1592 ;
627 1529 722 1578 nemo
734 1511 801 1599 Jam
815 1511 954 1581 Palladis
967 1533 1057 1582 arma
1075 1521 1108 1582 et
1123 1514 1215 1583 ludos

132 1645 285 1694 exercere
306 1625 423 1692 novit³.
452 1622 663 1712 Quaequidem
685 1623 761 1692 vitia
778 1624 888 1692 docuit
903 1626 1098 1715 Euripides,
1117 1648 1135 1695 a
1153 1648 1215 1717 quo

132 1742 217 1809 cives
240 1741 370 1829 penitus
389 1738 554 1826 corrupti,
574 1737 752 1825 disputant,
769 1739 1013 1819 ratiocinantur,
1040 1762 1101 1810 nee
1114 1742 1215 1836 quid-

131 1875 227 1944 quam
240 1854 318 1923 boni
333 1852 516 1942 perficiunt.
531 1854 650 1919 -Cur
664 1851 750 1919 nulla
769 1872 857 1920 nuno
871 1854 1052 1921 reverentia
1072 1855 1215 1943 superio·

132 1988 183 2037 res
210 1974 308 2038 aetate
335 1965 385 2035 vel
399 1965 571 2054 dignitate
590 1964 676 2035 viros
695 1972 937 2056 prosequuntur
963 1967 1216 2039 adolescentes?

130 2087 252 2171 Nempe
267 2079 439 2168 Euripides
458 2078 499 2147 ab
514 2077 604 2145 initio
618 2078 875 2168 tragoediarum,
898 2101 994 2167 reges
1009 2087 1042 2150 et
1057 2083 1187 2171 reginas
1202 2135 1210 2158 ,
1307 2111 1310 2117 ·

130 2206 163 2268 et
182 2217 293 2266 servos
306 2203 339 2265 et
365 2192 497 2263 ancillas
519 2193 703 2282 promiscuo
718 2193 917 2262 disserentes
936 2195 968 2261 in
993 2215 1125 2264 scenam
1145 2196 1213 2263 im-

131 2309 230 2399 pellit,
249 2312 281 2377 et
295 2315 331 2376 ut
345 2305 432 2396 plebi
446 2304 605 2382 aduletur,
620 2323 734 2392 regum
748 2303 888 2391 negotiis
901 2304 1047 2392 plebeios
1061 2325 1101 2373 ao
1114 2305 1214 2374 famu-

131 2423 178 2492 los
202 2420 392 2490 immiscet⁴.
421 2422 485 2487 Gur
498 2423 565 2486 tam
587 2414 681 2484 facile
701 2408 849 2505 pejerant
870 2416 1043 2486 homines?
1065 2418 1126 2486 uisi
1140 2418 1214 2509 quia

130 2533 292 2624 Hippolyti
309 2551 499 2621 responsum
510 2529 776 2599 omuesdidicere
794 2554 801 2597 :
820 2557 833 2592 a
854 2530 979 2620 Lingua
991 2531 1133 2622 quidem,
1148 2553 1212 2602 non

129 2669 232 2727 meus,
246 2647 395 2737 iuravit&
416 2672 429 2707 r
456 2648 548 2712 Hanc
572 2664 648 2712 vero
659 2644 874 2713 humanorum
890 2646 1064 2715 affectuum
1080 2667 1213 2718 rerum-

126 2784 189 2854 que
204 2763 375 2854 picturam,
393 2778 467 2849 quae
480 2762 605 2826 tautam
620 2757 766 2846 Euripidi
779 2758 1027 2845 admirationem
1042 2762 1209 2857 conciliat,

127 2877 222 2948 bonis
236 2874 360 2946 artibus
374 2873 536 2942 exitialem
543 2873 668 2962 judicat
682 2873 837 2941 comicus.
855 2875 1008 2943 Prostitui
1024 2875 1162 2956 scilicet,
1175 2883 1212 2945 et

128 2991 256 3059 incesto
267 2986 388 3079 pollui,
406 2992 439 3055 et
453 2974 592 3054 mortem
610 2985 670 3055 sibi
694 2986 898 3054 consciscere
913 3009 931 3055 a
954 2987 1113 3068 Phaedra,
1137 2992 1212 3060 lla-

127 3123 242 3181 carea,
273 3101 521 3189 Sthenobeaque
536 3100 667 3168 feminae
681 3100 873 3168 docenturss.
903 3100 1077 3171 Mendaces
1103 3109 1211 3171 autem

86 3232 88 3238 ·
126 3215 285 3304 Telephos
311 3220 343 3283 et
369 3214 532 3282 miseriam
556 3213 764 3302 deplorantes
789 3214 957 3282 imitantur
970 3215 1047 3294 viri,
1065 3234 1104 3285 ac
1130 3206 1210 3285 salsa

127 3333 319 3416 paupertate
344 3340 379 3396 te
407 3325 614 3405 involvendo,
641 3325 770 3414 publica
791 3327 900 3394 munia
930 3326 1141 3397 detrectant’.
1170 3331 1210 3398 nt

163 3680 423 3751 ‘llristoplr.,llon.,
454 3698 478 3735 v.
503 3679 707 3737 nal-seona&
733 3709 761 3731 a
791 3679 964 3747 ²1d.,inil.‚
989 3681 1138 3740 rootlnll
1174 3705 1209 3729 τε

125 3769 137 3807 ³
158 3768 205 3833 ld,
225 3768 299 3835 ibid,
313 3785 337 3823 r.
356 3768 516 3826 loto-lonc.
532 3770 584 3805 =‘
605 3767 653 3833 ld,
670 3767 743 3833 ibid„
768 3785 793 3822 r.
813 3768 945 3824 alst-95⁶2.
1027 3772 1036 3798 ⁸
1056 3771 1105 3838 ld..
1131 3771 1205 3839 inid,

126 3874 149 3909 v.
168 3856 246 3912 1471.
264 3866 290 3886 Ξ
315 3855 327 3892 ¹³
347 3855 393 3919 ld,
412 3855 483 3919 ibid,
501 3873 524 3910 r.
543 3855 620 3913 1043.
641 3873 669 3892 =
682 3855 697 3883 ⁴⁷
719 3855 1034 3920 ll.,inid.,1063-1noo.
