2684 4508
597 246 737 299 -dr-

127 457 211 507 mus.
230 441 340 506 Restat
353 443 389 505 ut
402 457 475 526 quae
487 439 678 527 optimatum
705 438 801 506 laelio
816 438 892 506 huie
908 438 1029 507 homini
1045 439 1124 507 falsa
1139 440 1206 507 im-

127 551 311 639 putaverit,
340 556 396 618 aut
421 570 498 618 vera
519 550 643 619 auxerit
667 551 700 620 in
715 553 830 640 majus,
848 550 1021 640 diligenter
1035 572 1206 621 secernere

126 670 301 733 tentemus.
328 668 438 753 Neque
458 664 490 732 id
514 664 643 752 quidem
658 665 751 733 facile
773 664 842 733 lieri
868 670 993 753 potest;
1024 665 1205 753 gravissimi

126 778 213 845 enim
228 777 372 845 historici
385 778 436 846 vel
458 778 491 844 in
508 776 673 865 republica
688 777 797 846 Cleoni
818 776 992 845 aduersarii
1013 777 1153 856 luerunt,
1170 782 1207 845 ut

126 889 345 979 Thucydidem
373 889 444 970 vel,
461 896 498 958 ut
520 888 702 968 Diodorus,
720 889 874 976 pauciora
899 888 940 956 de
965 888 1019 957 illo
1043 888 1206 958 tradidere

126 1027 223 1096 quam
255 1011 289 1075 ut
318 1007 426 1074 omnia
461 1006 687 1100 Aristophanis
715 1006 850 1075 crimina
876 1005 971 1094 plane
1002 1026 1042 1078 ao
1066 1006 1206 1076 dilucide

125 1120 309 1209 disceptare
333 1119 447 1203 liceat3
485 1119 551 1199 vel,
582 1124 618 1189 ut
639 1118 849 1197 Plutarchus,
875 1125 910 1186 et
936 1118 1096 1187 Diodorus
1121 1119 1203 1206 ipso,

127 1241 194 1301 lam
213 1234 312 1323 longo
333 1239 481 1323 tempore
495 1240 571 1322 post
584 1254 638 1304 res
651 1234 739 1324 ipsas
756 1233 920 1312 vixerunt,
938 1236 975 1301 ut
1001 1239 1144 1301 metuam
1164 1252 1207 1301 ne
1306 1325 1308 1328 Ι

127 1348 198 1415 illas
209 1347 454 1436 Aristophaneis
468 1354 501 1416 et
516 1346 723 1437 Thucydidiis
738 1345 901 1416 coloribus
917 1346 1052 1414 nimium
1065 1345 1206 1416 imbutas

127 1460 326 1547 acceperint.
354 1463 436 1528 Sunt
460 1459 611 1548 quaedam
636 1466 746 1528 tamen
765 1478 838 1549 quae
852 1479 974 1548 negare
995 1479 1091 1528 nemo
1108 1480 1207 1529 sanus

128 1573 257 1642 audeat.
288 1573 348 1654 Qui
386 1573 472 1643 enim
505 1572 712 1642 sustinuisset
727 1572 872 1642 comicus
902 1572 1053 1668 Cleonem
1087 1575 1207 1664 populo

127 1694 161 1756 et
179 1687 344 1777 judicibus
368 1695 436 1758 tres
454 1690 567 1758 obolos
592 1690 791 1760 dividentem
817 1691 914 1759 toties
942 1692 1117 1780 effingere,
1144 1688 1207 1758 nisi

128 1803 236 1891 reipsa
261 1803 324 1872 hac
338 1803 489 1872 mercede
509 1805 634 1873 animos
647 1804 709 1873 sihi
731 1804 905 1873 conciliare
921 1804 1080 1893 plebicola
1104 1809 1208 1872 tenta·

127 1916 255 1984 visset?
280 1921 328 1985 De
362 1916 503 2007 quinque
529 1918 660 1987 talentis
686 1938 758 2008 quae
780 1919 842 1988 rite
867 1919 1031 2008 judicatus
1065 1918 1208 1987 evomuit

128 2030 221 2107 Cleo,
257 2031 386 2099 mentiri
409 2030 643 2120 Aristophanes
668 2053 733 2102 uon
752 2033 869 2122 potuit.
895 2036 940 2102 Ea
966 2034 1053 2102 enim
1076 2030 1207 2122 puhliee
1316 2096 1326 2105 .

128 2151 200 2210 aeta
226 2148 336 2223 erant,
358 2149 391 2212 et
413 2144 553 2234 aliquem
573 2144 606 2212 in
627 2144 758 2214 civitate
772 2150 895 2215 motum
919 2164 998 2213 sane
1017 2143 1207 2214 concitave-

127 2262 210 2323 rant.
239 2256 392 2327 Cleonem
406 2257 535 2347 quidem
549 2277 613 2325 non
631 2278 776 2326 asseram
790 2257 822 2325 id
846 2263 1004 2347 perpetuo
1028 2257 1202 2335 studuisse,

127 2375 164 2436 ut
178 2369 322 2456 placidos
337 2370 537 2460 miserosque
557 2371 645 2440 cives
659 2391 699 2439 ac
711 2371 903 2460 peregrinos
921 2368 1141 2439 denuntiando
1154 2367 1206 2437 vel

126 2481 298 2551 delationis
319 2489 408 2552 metu
429 2483 630 2552 sollicitando
656 2482 827 2573 spoliaret;
856 2483 930 2554 haee
955 2482 1127 2573 aliquando
1148 2472 1206 2550 ta-

127 2615 202 2664 men
221 2595 342 2685 populo
358 2602 525 2684 spectante
540 2597 628 2666 illum
643 2597 812 2667 admisisse
826 2619 916 2682 reor;
937 2602 985 2667 tot
1012 2598 1098 2666 enim
1113 2599 1206 2686 jocos

128 2708 168 2777 ad
191 2708 373 2777 istiusmodi
385 2709 501 2778 delicta
519 2711 720 2798 pertinentes
739 2710 772 2777 in
797 2711 958 2782 insontem
981 2711 1116 2801 jaculari
1139 2710 1205 2779 ab·

127 2819 262 2889 surdum
275 2821 400 2890 fuisset.

172 2959 249 3045 Ejus
264 2976 340 3025 vero
365 2957 599 3046 impudentiam
614 2979 653 3028 eo
666 2959 720 3028 die
742 2979 805 3048 quo
820 2959 1010 3028 concionem
1031 2958 1153 3027 dimisit
1170 2964 1206 3027 ut

131 3068 284 3157 hospitali
296 3069 443 3139 convitio
467 3071 658 3161 fungeretur
679 3072 750 3141 risit
767 3071 898 3162 quidem
913 3071 1092 3161 benignior
1105 3092 1207 3161 popu-

128 3182 189 3260 lus,
208 3182 265 3251 sed
280 3183 428 3272 agnovit;
440 3185 641 3273 jactantiam,
651 3205 750 3275 quum
764 3183 1027 3254 Laoedaemonios
1040 3185 1073 3253 in
1085 3185 1206 3276 Sphae-

126 3295 209 3364 teria
221 3295 400 3364 insulaase
412 3301 543 3385 captum
556 3298 595 3365 iri
608 3298 770 3386 pollicitus
779 3302 839 3376 est,
853 3297 1015 3367 severiore
1025 3299 1091 3368 risu
1103 3318 1206 3368 exce-
1258 3289 1262 3298 ’

128 3414 245 3498 perunt
255 3429 368 3478 omnes
378 3413 401 3494 ¹;
418 3411 634 3501 corruptelam
645 3413 796 3503 denique,
804 3416 840 3480 ut
849 3410 998 3490 vidimus,
1007 3412 1069 3502 ipsi
1079 3411 1206 3501 judices

127 3541 264 3615 quorum
291 3522 461 3596 mercedes
488 3545 527 3597 ac
552 3524 722 3600 commoda
744 3531 835 3596 tanto
856 3527 962 3596 studio
988 3523 1201 3604 defendebat,

166 3915 173 3955 l
198 3915 273 3982 illut,
288 3915 396 3983 inNic.,
413 3933 437 3975 v.
455 3918 479 3974 7.
534 3960 541 3976 .
