2684 4508
634 189 719 242 ..922
743 222 768 230 -.

204 386 308 464 Quum
324 404 399 451 vero
415 385 525 451 ultima
541 386 651 453 conari
672 386 780 453 decuit
797 393 831 453 ut
845 407 907 472 pax
926 387 1051 467 inclusa
1074 389 1244 476 speluncae

161 496 361 575 liberaretur,
378 497 449 584 quis
464 497 548 565 bona
562 498 625 565 lide
638 498 670 565 in
686 498 717 565 id
732 498 905 567 incubuit?
926 503 1009 567 Num
1030 505 1245 590 Megarenses

159 611 224 689 illi,
254 631 335 699 quos
366 612 482 697 injusto
512 617 644 680 vexatos
668 612 827 700 inpriore
853 612 961 681 tabula
991 613 1180 684 doluimus‘l
1205 621 1246 684 nt

160 723 220 811 ipsi
235 722 320 792 bello
334 723 544 792 accendendo
560 744 624 792 non
635 745 739 812 [rauca
754 726 970 804 contulerunt,
980 733 1013 794 et
1027 748 1115 796 nunc
1129 750 1247 817 pacem

161 839 266 915 icere,
298 837 444 927 quumvis
474 838 558 906 lame
584 840 805 918 semianimes,
836 840 995 909 dubitant.
1026 845 1248 912 Numbaco-

162 958 248 1037 nesjl
273 956 391 1019 Eorum
407 951 529 1019 scilieet
549 953 743 1042 quicumque
761 974 859 1042 agros
881 954 989 1023 colunt
1013 957 1085 1044 paci
1111 956 1245 1025 lavent.
1275 976 1277 980 ·

163 1084 227 1130 non
242 1064 366 1132 caeteri.
387 1068 469 1132 Num
492 1065 731 1134 iltlrenicnsest
759 1068 798 1134 tt
823 1067 932 1135 litibus
952 1073 1080 1136 tantum
1101 1069 1250 1138 intentos

162 1177 289 1244 animos
316 1177 449 1245 babent.
481 1182 564 1246 Num
593 1180 733 1268 Argivi?
773 1179 836 1247 Sed
863 1179 1023 1248 ambobus
1054 1183 1250 1252 societatem

163 1290 409 1376 promittentes,
438 1292 560 1359 neutris
575 1290 671 1359 tidem
687 1312 817 1360 servare
832 1293 976 1380 cupiunt.
997 1293 1056 1374 Qui
1069 1314 1152 1382 ergo
1165 1315 1253 1363 mor-

162 1403 299 1471 talium?
315 1403 477 1491 Agricolae
490 1427 497 1484 ;
517 1403 575 1470 soli
592 1403 678 1470 enim
693 1404 737 1471 illi
753 1424 821 1471 rem
835 1403 973 1472 libenter
987 1405 1247 1493 amplectuntur;

163 1517 233 1594 soli,
263 1538 281 1583 a
308 1517 538 1584 vindemiatore
559 1517 667 1595 ducti,
696 1517 842 1585 liberatae
868 1519 957 1606 pacis
985 1518 1085 1586 decus
1111 1520 1252 1589 obtine-

163 1629 270 1698 bunt'.

210 1773 289 1837 llaec
309 1769 437 1847 fabula,
478 1771 504 1837 si
531 1771 745 1858 grammatico
771 1770 897 1838 cuidam
920 1770 1104 1847 credimus,
1137 1769 1254 1840 Alcaeo

166 1901 328 1949 summum
345 1883 572 1970 magistratum
594 1890 730 1972 gerente
745 1890 817 1951 acta
832 1883 907 1961 luit,
937 1904 975 1950 co
993 1883 1063 1971 ipso
1079 1889 1252 1971 tempore,

167 2016 230 2083 quo
243 1994 350 2063 lmdus
364 1995 471 2063 Nicias
485 2002 518 2063 et
533 1997 707 2084 optimates
733 1995 914 2064 feriendum
929 2001 1124 2064 curaverunt
1140 2011 1161 2063 ².
1179 2001 1255 2066 De-

165 2108 270 2177 cimus
284 2113 353 2176 tum
374 2109 469 2177 desiit
491 2110 532 2179 ab
547 2110 677 2198 incepto
702 2109 786 2178 bello
802 2130 905 2178 annus
922 2112 1019 2195 (ante
1032 2114 1061 2177 J.
1079 2115 1114 2178 C.
1134 2113 1224 2203 42¹)
1243 2135 1251 2192 ;

168 2222 359 2290 miraremur
373 2244 452 2312 ergo
467 2223 553 2311 quod
568 2223 687 2290 almam
702 2222 792 2310 pacis
805 2221 899 2289 deam
914 2223 1058 2289 tredecim
1070 2240 1171 2312 urceos
1184 2223 1255 2290 ab·

168 2342 293 2404 sentem
309 2337 426 2405 salutat
440 2338 545 2404 bonus
558 2335 611 2403 ille
627 2335 849 2430 vindemiator,
872 2335 930 2402 nisi
946 2334 1116 2402 abeodem
1131 2354 1256 2422 gram-

171 2451 289 2518 matico
306 2449 498 2518 doceremur
513 2450 594 2516 duas
616 2449 841 2537 Aristophanis
859 2449 1035 2517 comoedias
1045 2447 1111 2516 ‚sub
1135 2447 1257 2516 eodem

170 2561 262 2630 tilulo
276 2563 308 2629 in
322 2582 454 2630 scenam
469 2563 644 2651 productas
659 2583 742 2631 esse.
755 2570 765 2608 ³
778 2568 887 2651 Neque
902 2563 978 2629 buic
1001 2561 1060 2631 soli
1082 2561 1205 2631 fabulae
1223 2563 1256 2630 id

172 2676 299 2758 evenit3
325 2696 421 2764 quem
441 2677 526 2744 enim
554 2679 687 2744 Plutum
714 2678 800 2744 nun'c
825 2675 985 2745 habemus
1008 2675 1108 2743 multa
1134 2662 1257 2743 indicia

171 2788 311 2877 probant
321 2809 360 2857 ex
371 2789 498 2857 duabus
512 2789 707 2858 editionibus
720 2789 855 2855 mixtum
866 2793 898 2855 et
910 2792 1126 2876 temperatum
1139 2787 1255 2856 fuisse.

173 2900 324 2969 Libenter
343 2901 442 2990 igilur
470 2900 717 2990 credam(quod
744 2898 829 2967 nulla
857 2920 929 2978 ree,
952 2899 1068 2967 nullius
1085 2899 1259 2987 scriptoris

170 3015 348 3084 auctoritas
363 3015 450 3083 credi
474 3016 581 3101 vetat)
592 3067 600 3094 ‚
613 3017 680 3104 iam
695 3013 879 3083 labantibus
897 3013 997 3081 Nieiae
1011 3012 1149 3081 induciis
1163 3033 1259 3082 suam

173 3134 214 3200 ab
243 3134 458 3222 Aristophane
480 3134 672 3202 comoediam
698 3133 811 3201 leviter
846 3136 1033 3201 renovatam
1064 3137 1097 3200 et
1133 3132 1258 3222 populo

173 3246 333 3334 spectanti
358 3248 558 3336 propositam
581 3247 690 3314 luisse.
709 3246 791 3328 Quid
815 3246 989 3314 tentaverit
1000 3246 1107 3314 Nicias
1121 3252 1158 3315 ut
1172 3268 1260 3335 pro-

174 3359 280 3448 prium
318 3380 400 3448 opus
435 3360 610 3429 Alcibiadis
636 3361 760 3430 artibus
793 3360 1051 3449 Argivorumque
1079 3360 1260 3430 ambitione

175 3493 369 3541 concussum
381 3478 537 3551 tueretur,
555 3473 759 3561 Thucydides
774 3479 807 3541 et
825 3472 1017 3541 Plutarchus
1031 3473 1125 3541 nobis
1147 3494 1261 3542 nerra·

314 3685 324 3689 ,.
340 3683 418 3690 ...ρ-

213 3865 222 3894 ¹
244 3865 379 3935 trisroph..
397 3854 448 3918 l‘ur
466 3909 469 3923 ,
487 3882 510 3918 r.
533 3865 655 3920 lta-bul.
676 3866 727 3920 22²
746 3867 804 3929 ,tro
824 3864 1062 3919 incubonem:
1083 3864 1095 3905 ³
1114 3868 1173 3936 Arg.
1190 3863 1256 3920 Pnc.
