2684 4508
536 255 572 265 -
589 222 623 276 nt
636 252 677 268 >-

116 422 180 491 lllis
194 422 292 512 igitur
314 422 397 490 inter
418 441 453 489 se
476 421 571 489 minis
594 422 824 510 competitores
843 421 1041 512 depugnant,
1068 443 1147 511 quas

69 539 148 610 Cleo
161 537 261 606 iratus
277 535 327 604 vol
344 541 503 625 quaestum
524 542 668 624 captans,
692 556 752 624 per
764 541 867 605 totum
891 537 995 607 lorum
1014 558 1147 627 crepare

70 653 177 723 solet:
194 651 332 720 furiosas
344 649 532 729 delationes,
548 651 705 719 immanes
726 651 903 720 calumnias
921 656 953 720 et
975 653 1062 720 omni
1081 655 1149 722 veri

72 765 184 856 specie
197 763 378 841 destitutas,
396 768 429 830 et
442 762 602 830 horrenda
614 763 781 852 supplicia
804 764 865 833 sibi
889 765 1026 833 invicem
1050 765 1150 852 polli-

71 884 200 948 centur.
216 880 330 966 Sperat
341 875 505 964 paulisper
516 875 590 944 Cleo
608 877 688 945 iram
705 879 847 967 equitum
869 876 979 946 dolosa
998 863 1152 947 assenta-

72 992 162 1060 tione
174 1010 246 1059 sesa
260 990 488 1078 placaturum3
514 990 625 1069 «Viri,
651 991 818 1070 exclamat,
843 998 949 1061 vestra
970 1012 1066 1060 causa
1089 1012 1152 1060 va-

72 1103 171 1193 pulo;
189 1107 307 1171 vestrae
329 1102 416 1170 enim
430 1102 558 1170 virtutis
570 1109 812 1171 monumentum
832 1103 863 1188 in
881 1102 962 1171 urbe
985 1109 1152 1173 erecturus

74 1221 183 1285 eram¹
201 1221 209 1284 t
230 1242 243 1279 ι

122 1359 163 1426 nt
176 1365 271 1447 turpe
288 1357 477 1447 obsequium
496 1359 616 1426 strenui
638 1361 773 1448 Juvencs
792 1364 957 1447 respuunt,
982 1379 1046 1427 non
1063 1379 1154 1448 pere·

74 1472 180 1563 grinis
193 1471 323 1550 similes,
339 1472 389 1539 vel
404 1470 538 1559 placidis
550 1475 583 1538 et
596 1471 715 1558 agnina
730 1471 836 1540 indole
848 1470 994 1560 praeditis
1013 1470 1151 1550 civibus,

76 1608 160 1678 quos
186 1587 271 1665 Cleo,
307 1607 326 1654 o
352 1591 509 1676 suggestu
535 1586 729 1674 speculatus,
762 1587 888 1656 vexavit
913 1587 1009 1654 toties
1030 1585 1156 1675 spolia-

76 1701 221 1790 vitquc².

124 1837 298 1928 Explicatis
308 1857 386 1926 crgo
399 1837 478 1906 velis
492 1837 605 1905 inanes
613 1837 745 1905 landam
757 1837 860 1905 minas
869 1836 1022 1906 omittunt
1034 1834 1158 1915 aemuli,

77 1960 114 2022 et
126 1952 167 2020 ad
181 1955 328 2020 senatum
343 1949 427 2018 serio
440 1949 590 2018 luctaturi
602 1949 766 2018 festinant.
784 1948 843 2017 llic
854 1948 941 2017 enim
960 1948 1070 2040 populi
1094 1947 1158 2017 de-

79 2070 171 2134 creta
201 2066 436 2153 preparantur,
462 2062 537 2131 huie
557 2061 692 2130 concilio
715 2061 840 2130 Solonis
863 2061 953 2151 leges
978 2059 1159 2131 mandave-

81 2182 169 2255 runt,
186 2183 221 2245 ut
239 2176 392 2264 populum
414 2174 605 2243 auctoritate
624 2173 856 2243 modereralur.
880 2174 1003 2263 Dignos
1026 2196 1160 2264 prorsus

79 2291 139 2359 tali
151 2309 285 2357 munere
298 2307 333 2356 se
345 2286 492 2376 praebent
510 2290 686 2363 senatores,
714 2306 775 2355 noc
791 2287 833 2353 ob
853 2287 940 2354 leves
959 2306 1073 2356 causas
1094 2287 1161 2356 ho-

82 2404 225 2473 minibus
244 2403 364 2471 lavent.
390 2401 508 2489 siquis
527 2400 574 2468 eis
586 2405 699 2488 gratus
717 2400 786 2468 fieri
807 2399 927 2491 cupiat,
944 2421 986 2470 ne
999 2421 1113 2490 paoem
1128 2408 1161 2470 et

80 2515 217 2586 loederis
229 2513 360 2583 ineundi
373 2511 573 2581 conditiones
587 2496 763 2594 memoret3
786 2512 843 2581 sed
857 2512 897 2582 dc
914 2512 1035 2581 vilitate
1057 2513 1161 2602 pisci-

81 2628 231 2697 culorum
244 2644 401 2715 prospera
420 2624 556 2702 nuntiet,
573 2628 606 2692 et
619 2624 727 2712 opima
749 2623 816 2692 Diis
839 2624 996 2694 sacrificia
1019 2625 1060 2692 ad
1086 2645 1163 2693 sar-

81 2741 233 2810 dinarum
246 2758 397 2827 magnam
415 2738 479 2805 vim
496 2737 731 2825 impetrandam
752 2738 896 2807 voveatl.
917 2738 1050 2828 Propria
1064 2737 1163 2807 deni—

84 2870 149 2941 que
161 2851 292 2936 sumptu
306 2847 509 2916 senatoribus
526 2847 752 2936 pisciculorum
774 2848 977 2918 condimenta
999 2849 1161 2937 praebeat,

85 2969 121 3033 et
137 2961 297 3031 coriandri
317 2961 412 3030 obolo
436 2961 538 3030 sancti
562 2981 732 3029 consessus
746 2961 884 3050 gratiam
899 2961 958 3030 sibi
981 2960 1162 3030 conciliet⁴.

86 3079 134 3144 lta
148 3094 265 3163 nempe
287 3073 365 3142 uicit
375 3073 615 3162 Argoracritus3
641 3072 690 3141 his
713 3071 809 3162 nugis
827 3071 977 3141 delectati
998 3078 1165 3143 senatores

87 3191 299 3256 surrexemnt
318 3191 352 3255 ct
372 3185 532 3255 cancellos
556 3185 652 3252 curiae
675 3184 739 3251 laeti
765 3182 966 3252 transiluere.
990 3183 1052 3254 Sed
1078 3185 1165 3273 apud

88 3299 245 3391 populum
275 3319 327 3369 res
351 3300 560 3387 disceptanda
581 3304 652 3367 est:
677 3304 790 3367 vocato
814 3299 912 3388 igitur
937 3319 1025 3378 sene,
1052 3320 1167 3369 omnes

87 3414 182 3483 dolos
196 3414 291 3483 ambo
308 3413 473 3491 adhibent,
489 3419 523 3480 et
535 3413 568 3479 in
586 3412 780 3480 loedissimas
794 3411 993 3482 adulationes
1009 3434 1165 3501 prorum-

92 3649 330 3661 ——u-——c-——t—

127 3831 135 3868 ¹
157 3828 293 3899 llristoplr.¹
304 3828 405 3902 liquit,
422 3847 445 3885 v.
460 3828 513 3883 966
527 3836 553 3882 et
567 3844 620 3899 seq.
636 3846 663 3867 =
680 3829 692 3866 ²
717 3828 765 3892 ld..
802 3827 874 3893 ibid,
891 3846 917 3884 v.
931 3828 993 3896 313,
1010 3828 1042 3883 48
1057 3834 1082 3882 et
1094 3844 1162 3898 pass.

91 3918 149 3964 =¹
173 3917 221 3984 ld,
259 3916 334 3982 ibid,
362 3934 387 3970 v.
403 3914 533 3971 era-673.
551 3915 604 3957 =⁴
631 3913 679 3978 ld.,
717 3913 790 3980 ibid,
807 3932 830 3968 r.
844 3914 970 3970 ele-aaa.
