<?xml version="1.0" encoding="UTF-8"?>
<!DOCTYPE html PUBLIC "-//W3C//DTD XHTML 1.0 Transitional//EN"
    "http://www.w3.org/TR/xhtml1/DTD/xhtml1-transitional.dtd">
<html xmlns="http://www.w3.org/1999/xhtml" xml:lang="en" lang="en">
 <head>
  <title>
</title>
<meta http-equiv="Content-Type" content="text/html;charset=utf-8" />
  <meta name='ocr-system' content='tesseract 3.04.00' />
  <meta name='ocr-capabilities' content='ocr_page ocr_carea ocr_par ocr_line ocrx_word'/>
</head>
<body>
  <div class='ocr_page' id='page_1' title='image "./quaeinatticarep00trgoog_0130.png"; bbox 0 0 2684 4508; ppageno 0'>
   <div class='ocr_carea' id='block_1_1' title="bbox 584 172 800 239">
    <p class='ocr_par' dir='ltr' id='par_1_1' title="bbox 584 172 800 239">
     <span class='ocr_line' id='line_1_1' title="bbox 584 172 800 239; baseline 0.005 -1"><span class='ocrx_word' id='word_1_1' title='bbox 584 172 800 239; x_wconf 71' lang='lat' dir='ltr'><strong>—nt-‘</strong></span> 
     </span>
    </p>
   </div>
   <div class='ocr_carea' id='block_1_2' title="bbox 125 380 1209 822">
    <p class='ocr_par' dir='ltr' id='par_1_2' title="bbox 125 380 1209 822">
     <span class='ocr_line' id='line_1_2' title="bbox 125 380 1208 474; baseline 0.006 -26"><span class='ocrx_word' id='word_1_2' title='bbox 125 382 219 459; x_wconf 88' lang='lat' dir='ltr'><strong>tiam,</strong></span> <span class='ocrx_word' id='word_1_3' title='bbox 236 380 453 460; x_wconf 80' lang='lat' dir='ltr'>nobilitatem,</span> <span class='ocrx_word' id='word_1_4' title='bbox 473 383 774 472; x_wconf 77' lang='lat' dir='ltr'><strong>cutcrnasdenique</strong></span> <span class='ocrx_word' id='word_1_5' title='bbox 789 384 893 462; x_wconf 80' lang='lat' dir='ltr'><strong>dotcS,</strong></span> <span class='ocrx_word' id='word_1_6' title='bbox 920 406 1038 474; x_wconf 91' lang='lat' dir='ltr'><strong>magna</strong></span> <span class='ocrx_word' id='word_1_7' title='bbox 1063 388 1208 474; x_wconf 87' lang='lat' dir='ltr'><strong>potentia</strong></span> 
     </span>
     <span class='ocr_line' id='line_1_3' title="bbox 126 495 1209 586; baseline 0.006 -24"><span class='ocrx_word' id='word_1_8' title='bbox 126 502 301 563; x_wconf 72' lang='lat' dir='ltr'><strong>exornetur</strong></span> <span class='ocrx_word' id='word_1_9' title='bbox 317 495 518 575; x_wconf 60' lang='lat' dir='ltr'><strong>Alcibiades</strong></span> <span class='ocrx_word' id='word_1_10' title='bbox 547 515 607 563; x_wconf 89' lang='lat' dir='ltr'><strong>nec</strong></span> <span class='ocrx_word' id='word_1_11' title='bbox 628 497 850 586; x_wconf 80' lang='lat' dir='ltr'><strong>Euthydemus</strong></span> <span class='ocrx_word' id='word_1_12' title='bbox 871 499 914 567; x_wconf 93' lang='lat' dir='ltr'><strong>oh</strong></span> <span class='ocrx_word' id='word_1_13' title='bbox 938 505 1124 568; x_wconf 89' lang='lat' dir='ltr'><strong>accuratam</strong></span> <span class='ocrx_word' id='word_1_14' title='bbox 1137 503 1209 568; x_wconf 86' lang='lat' dir='ltr'><strong>llo-</strong></span> 
     </span>
     <span class='ocr_line' id='line_1_4' title="bbox 126 607 1209 698; baseline 0.006 -24"><span class='ocrx_word' id='word_1_15' title='bbox 126 608 207 675; x_wconf 90' lang='lat' dir='ltr'><strong>mcri</strong></span> <span class='ocrx_word' id='word_1_16' title='bbox 228 607 460 696; x_wconf 65' lang='lat' dir='ltr'><strong>poetarumque</strong></span> <span class='ocrx_word' id='word_1_17' title='bbox 484 608 724 698; x_wconf 67' lang='lat' dir='ltr'><strong>arguitionem,</strong></span> <span class='ocrx_word' id='word_1_18' title='bbox 752 630 826 698; x_wconf 88' lang='lat' dir='ltr'><strong>quac</strong></span> <span class='ocrx_word' id='word_1_19' title='bbox 850 611 1098 679; x_wconf 81' lang='lat' dir='ltr'><strong>Atheniensium</strong></span> <span class='ocrx_word' id='word_1_20' title='bbox 1122 633 1209 680; x_wconf 81' lang='lat' dir='ltr'><strong>verm</strong></span> 
     </span>
     <span class='ocr_line' id='line_1_5' title="bbox 128 720 669 822; baseline 0.009 -36"><span class='ocrx_word' id='word_1_21' title='bbox 128 720 270 789; x_wconf 79' lang='lat' dir='ltr'><strong>felicitati</strong></span> <span class='ocrx_word' id='word_1_22' title='bbox 283 727 350 789; x_wconf 91' lang='lat' dir='ltr'><strong>tam</strong></span> <span class='ocrx_word' id='word_1_23' title='bbox 362 742 476 810; x_wconf 93' lang='lat' dir='ltr'><strong>parum</strong></span> <span class='ocrx_word' id='word_1_24' title='bbox 490 722 636 822; x_wconf 77' lang='lat' dir='ltr'><strong>proderit</strong></span> <span class='ocrx_word' id='word_1_25' title='bbox 647 734 669 790; x_wconf 87' lang='lat'><strong>¹.</strong></span> 
     </span>
    </p>
   </div>
   <div class='ocr_carea' id='block_1_3' title="bbox 126 853 1212 1510">
    <p class='ocr_par' dir='ltr' id='par_1_3' title="bbox 126 853 1212 1510">
     <span class='ocr_line' id='line_1_6' title="bbox 171 853 1210 946; baseline 0.005 -25"><span class='ocrx_word' id='word_1_26' title='bbox 171 854 234 922; x_wconf 85' lang='lat' dir='ltr'><strong>Sed</strong></span> <span class='ocrx_word' id='word_1_27' title='bbox 249 873 348 942; x_wconf 89' lang='lat' dir='ltr'><strong>quum</strong></span> <span class='ocrx_word' id='word_1_28' title='bbox 368 853 400 922; x_wconf 92' lang='lat' dir='ltr'><strong>hi</strong></span> <span class='ocrx_word' id='word_1_29' title='bbox 410 855 555 942; x_wconf 87' lang='lat' dir='ltr'><strong>juvenes,</strong></span> <span class='ocrx_word' id='word_1_30' title='bbox 572 856 688 946; x_wconf 90' lang='lat' dir='ltr'><strong>aliique</strong></span> <span class='ocrx_word' id='word_1_31' title='bbox 700 878 782 946; x_wconf 85' lang='lat' dir='ltr'><strong>quos</strong></span> <span class='ocrx_word' id='word_1_32' title='bbox 794 861 956 938; x_wconf 81' lang='lat' dir='ltr'><strong>Socrates,</strong></span> <span class='ocrx_word' id='word_1_33' title='bbox 982 859 1103 928; x_wconf 88' lang='lat' dir='ltr'><strong>civitati</strong></span> <span class='ocrx_word' id='word_1_34' title='bbox 1127 859 1210 926; x_wconf 90' lang='lat' dir='ltr'><strong>benc</strong></span> 
     </span>
     <span class='ocr_line' id='line_1_7' title="bbox 126 962 1211 1060; baseline 0.001 -24"><span class='ocrx_word' id='word_1_35' title='bbox 126 967 308 1046; x_wconf 89' lang='lat' dir='ltr'><strong>consulens,</strong></span> <span class='ocrx_word' id='word_1_36' title='bbox 329 966 467 1036; x_wconf 91' lang='lat' dir='ltr'><strong>instituit</strong></span> <span class='ocrx_word' id='word_1_37' title='bbox 481 974 514 1036; x_wconf 90' lang='lat' dir='ltr'><strong>et</strong></span> <span class='ocrx_word' id='word_1_38' title='bbox 527 962 690 1047; x_wconf 80' lang='lat' dir='ltr'><strong>informat,</strong></span> <span class='ocrx_word' id='word_1_39' title='bbox 706 969 842 1058; x_wconf 89' lang='lat' dir='ltr'><strong>imperio</strong></span> <span class='ocrx_word' id='word_1_40' title='bbox 859 991 931 1039; x_wconf 91' lang='lat' dir='ltr'><strong>sese</strong></span> <span class='ocrx_word' id='word_1_41' title='bbox 951 971 1070 1060; x_wconf 88' lang='lat' dir='ltr'><strong>dignas</strong></span> <span class='ocrx_word' id='word_1_42' title='bbox 1085 971 1211 1039; x_wconf 86' lang='lat' dir='ltr'><strong>estece-</strong></span> 
     </span>
     <span class='ocr_line' id='line_1_8' title="bbox 127 1079 1212 1171; baseline 0.001 -24"><span class='ocrx_word' id='word_1_43' title='bbox 127 1081 206 1159; x_wconf 91' lang='lat' dir='ltr'><strong>rint,</strong></span> <span class='ocrx_word' id='word_1_44' title='bbox 224 1101 286 1169; x_wconf 85' lang='lat' dir='ltr'><strong>qua</strong></span> <span class='ocrx_word' id='word_1_45' title='bbox 302 1081 426 1149; x_wconf 89' lang='lat' dir='ltr'><strong>ratione</strong></span> <span class='ocrx_word' id='word_1_46' title='bbox 445 1079 593 1151; x_wconf 87' lang='lat' dir='ltr'><strong>meritam</strong></span> <span class='ocrx_word' id='word_1_47' title='bbox 614 1082 675 1151; x_wconf 91' lang='lat' dir='ltr'><strong>sibi</strong></span> <span class='ocrx_word' id='word_1_48' title='bbox 704 1084 930 1153; x_wconf 88' lang='lat' dir='ltr'><strong>auctoritatem</strong></span> <span class='ocrx_word' id='word_1_49' title='bbox 952 1084 1212 1171; x_wconf 75' lang='lat' dir='ltr'><strong>comparabunt?</strong></span> 
     </span>
     <span class='ocr_line' id='line_1_9' title="bbox 127 1194 1209 1286; baseline -0.002 -23"><span class='ocrx_word' id='word_1_50' title='bbox 127 1196 248 1264; x_wconf 85' lang='lat' dir='ltr'><strong>Suadet</strong></span> <span class='ocrx_word' id='word_1_51' title='bbox 262 1194 323 1263; x_wconf 95' lang='lat' dir='ltr'><strong>illis</strong></span> <span class='ocrx_word' id='word_1_52' title='bbox 336 1195 492 1284; x_wconf 89' lang='lat' dir='ltr'><strong>magister</strong></span> <span class='ocrx_word' id='word_1_53' title='bbox 511 1201 547 1264; x_wconf 92' lang='lat' dir='ltr'><strong>ut</strong></span> <span class='ocrx_word' id='word_1_54' title='bbox 561 1195 677 1264; x_wconf 87' lang='lat' dir='ltr'><strong>animis</strong></span> <span class='ocrx_word' id='word_1_55' title='bbox 699 1197 912 1286; x_wconf 87' lang='lat' dir='ltr'><strong>manibusque</strong></span> <span class='ocrx_word' id='word_1_56' title='bbox 931 1196 1053 1285; x_wconf 87' lang='lat' dir='ltr'><strong>junctis</strong></span> <span class='ocrx_word' id='word_1_57' title='bbox 1074 1202 1190 1264; x_wconf 90' lang='lat' dir='ltr'><strong>coeant</strong></span> <span class='ocrx_word' id='word_1_58' title='bbox 1201 1219 1209 1278; x_wconf 93' lang='lat'>;</span> 
     </span>
     <span class='ocr_line' id='line_1_10' title="bbox 128 1306 1211 1398; baseline 0 -24"><span class='ocrx_word' id='word_1_59' title='bbox 128 1307 206 1375; x_wconf 91' lang='lat' dir='ltr'><strong>nihil</strong></span> <span class='ocrx_word' id='word_1_60' title='bbox 221 1307 307 1376; x_wconf 89' lang='lat' dir='ltr'><strong>enim</strong></span> <span class='ocrx_word' id='word_1_61' title='bbox 322 1306 523 1396; x_wconf 90' lang='lat' dir='ltr'><strong>magisdolct</strong></span> <span class='ocrx_word' id='word_1_62' title='bbox 535 1328 631 1397; x_wconf 90' lang='lat' dir='ltr'><strong>quam</strong></span> <span class='ocrx_word' id='word_1_63' title='bbox 642 1307 729 1398; x_wconf 91' lang='lat' dir='ltr'><strong>quod</strong></span> <span class='ocrx_word' id='word_1_64' title='bbox 741 1309 886 1379; x_wconf 87' lang='lat' dir='ltr'><strong>boniviri</strong></span> <span class='ocrx_word' id='word_1_65' title='bbox 899 1310 1028 1377; x_wconf 78' lang='lat' dir='ltr'><strong>intense</strong></span> <span class='ocrx_word' id='word_1_66' title='bbox 1041 1307 1211 1387; x_wconf 89' lang='lat' dir='ltr'><strong>dissident,</strong></span> 
     </span>
     <span class='ocr_line' id='line_1_11' title="bbox 127 1419 1070 1510; baseline 0.003 -22"><span class='ocrx_word' id='word_1_67' title='bbox 127 1425 160 1488; x_wconf 91' lang='lat' dir='ltr'><strong>et</strong></span> <span class='ocrx_word' id='word_1_68' title='bbox 174 1420 319 1509; x_wconf 82' lang='lat' dir='ltr'><strong>egregiae</strong></span> <span class='ocrx_word' id='word_1_69' title='bbox 334 1419 481 1489; x_wconf 88' lang='lat' dir='ltr'><strong>civitates</strong></span> <span class='ocrx_word' id='word_1_70' title='bbox 494 1420 527 1488; x_wconf 94' lang='lat' dir='ltr'><strong>in</strong></span> <span class='ocrx_word' id='word_1_71' title='bbox 541 1427 685 1489; x_wconf 90' lang='lat' dir='ltr'><strong>mutuam</strong></span> <span class='ocrx_word' id='word_1_72' title='bbox 702 1422 880 1510; x_wconf 90' lang='lat' dir='ltr'><strong>perniciem</strong></span> <span class='ocrx_word' id='word_1_73' title='bbox 893 1428 1070 1491; x_wconf 89' lang='lat' dir='ltr'><strong>armantur.</strong></span> 
     </span>
    </p>
   </div>
   <div class='ocr_carea' id='block_1_4' title="bbox 125 1557 1216 2216">
    <p class='ocr_par' dir='ltr' id='par_1_4' title="bbox 125 1557 1216 2216">
     <span class='ocr_line' id='line_1_12' title="bbox 171 1557 1215 1648; baseline 0.002 -23"><span class='ocrx_word' id='word_1_74' title='bbox 171 1561 285 1626; x_wconf 91' lang='lat' dir='ltr'><strong>Nonne</strong></span> <span class='ocrx_word' id='word_1_75' title='bbox 302 1559 423 1646; x_wconf 92' lang='lat' dir='ltr'><strong>probos</strong></span> <span class='ocrx_word' id='word_1_76' title='bbox 436 1557 585 1626; x_wconf 92' lang='lat' dir='ltr'><strong>homines</strong></span> <span class='ocrx_word' id='word_1_77' title='bbox 597 1559 700 1648; x_wconf 89' lang='lat' dir='ltr'><strong>(proh</strong></span> <span class='ocrx_word' id='word_1_78' title='bbox 715 1558 820 1648; x_wconf 89' lang='lat' dir='ltr'><strong>pudor</strong></span> <span class='ocrx_word' id='word_1_79' title='bbox 831 1560 862 1645; x_wconf 89' lang='lat' dir='ltr'><strong>t)</strong></span> <span class='ocrx_word' id='word_1_80' title='bbox 877 1559 987 1628; x_wconf 88' lang='lat' dir='ltr'><strong>videre</strong></span> <span class='ocrx_word' id='word_1_81' title='bbox 1000 1567 1050 1628; x_wconf 91' lang='lat' dir='ltr'><strong>cst</strong></span> <span class='ocrx_word' id='word_1_82' title='bbox 1062 1580 1136 1629; x_wconf 89' lang='lat' dir='ltr'><strong>cum</strong></span> <span class='ocrx_word' id='word_1_83' title='bbox 1149 1579 1215 1628; x_wconf 87' lang='lat' dir='ltr'><strong>ma-</strong></span> 
     </span>
     <span class='ocr_line' id='line_1_13' title="bbox 127 1670 1213 1760; baseline 0.003 -22"><span class='ocrx_word' id='word_1_84' title='bbox 127 1670 224 1760; x_wconf 90' lang='lat' dir='ltr'><strong>lignis</strong></span> <span class='ocrx_word' id='word_1_85' title='bbox 241 1670 424 1739; x_wconf 88' lang='lat' dir='ltr'><strong>oratoribus</strong></span> <span class='ocrx_word' id='word_1_86' title='bbox 446 1691 516 1759; x_wconf 87' lang='lat' dir='ltr'><strong>prae</strong></span> <span class='ocrx_word' id='word_1_87' title='bbox 542 1677 631 1739; x_wconf 91' lang='lat' dir='ltr'><strong>metu</strong></span> <span class='ocrx_word' id='word_1_88' title='bbox 655 1670 893 1749; x_wconf 87' lang='lat' dir='ltr'><strong>coalescentes,</strong></span> <span class='ocrx_word' id='word_1_89' title='bbox 923 1679 956 1741; x_wconf 91' lang='lat' dir='ltr'><strong>et</strong></span> <span class='ocrx_word' id='word_1_90' title='bbox 976 1673 1133 1742; x_wconf 87' lang='lat' dir='ltr'><strong>adversus</strong></span> <span class='ocrx_word' id='word_1_91' title='bbox 1156 1693 1213 1742; x_wconf 91' lang='lat' dir='ltr'><strong>cos</strong></span> 
     </span>
     <span class='ocr_line' id='line_1_14' title="bbox 128 1782 1211 1874; baseline 0 -22"><span class='ocrx_word' id='word_1_92' title='bbox 128 1783 369 1872; x_wconf 89' lang='lat' dir='ltr'><strong>quosinimicos</strong></span> <span class='ocrx_word' id='word_1_93' title='bbox 393 1782 516 1852; x_wconf 87' lang='lat' dir='ltr'><strong>habere</strong></span> <span class='ocrx_word' id='word_1_94' title='bbox 542 1802 606 1849; x_wconf 92' lang='lat' dir='ltr'><strong>non</strong></span> <span class='ocrx_word' id='word_1_95' title='bbox 620 1782 788 1861; x_wconf 89' lang='lat' dir='ltr'><strong>deberent,</strong></span> <span class='ocrx_word' id='word_1_96' title='bbox 807 1784 839 1851; x_wconf 93' lang='lat' dir='ltr'><strong>in</strong></span> <span class='ocrx_word' id='word_1_97' title='bbox 864 1784 934 1853; x_wconf 88' lang='lat' dir='ltr'><strong>foro</strong></span> <span class='ocrx_word' id='word_1_98' title='bbox 951 1783 1211 1874; x_wconf 42' lang='lat' dir='ltr'><strong>depugnantes&amp;</strong></span> 
     </span>
     <span class='ocr_line' id='line_1_15' title="bbox 129 1896 1216 1987; baseline 0.001 -22"><span class='ocrx_word' id='word_1_99' title='bbox 129 1901 209 1966; x_wconf 87' lang='lat' dir='ltr'><strong>llaec</strong></span> <span class='ocrx_word' id='word_1_100' title='bbox 223 1899 374 1965; x_wconf 85' lang='lat' dir='ltr'><strong>Socratas</strong></span> <span class='ocrx_word' id='word_1_101' title='bbox 387 1900 524 1965; x_wconf 86' lang='lat' dir='ltr'><strong>moestus</strong></span> <span class='ocrx_word' id='word_1_102' title='bbox 541 1896 668 1985; x_wconf 85' lang='lat' dir='ltr'><strong>aspicit,</strong></span> <span class='ocrx_word' id='word_1_103' title='bbox 687 1916 748 1964; x_wconf 90' lang='lat' dir='ltr'><strong>nec</strong></span> <span class='ocrx_word' id='word_1_104' title='bbox 765 1896 872 1986; x_wconf 92' lang='lat' dir='ltr'><strong>minus</strong></span> <span class='ocrx_word' id='word_1_105' title='bbox 885 1917 981 1986; x_wconf 88' lang='lat' dir='ltr'><strong>quam</strong></span> <span class='ocrx_word' id='word_1_106' title='bbox 1003 1898 1072 1987; x_wconf 91' lang='lat' dir='ltr'><strong>ipse</strong></span> <span class='ocrx_word' id='word_1_107' title='bbox 1095 1897 1216 1967; x_wconf 82' lang='lat' dir='ltr'><strong>Aristo·</strong></span> 
     </span>
     <span class='ocr_line' id='line_1_16' title="bbox 129 2009 1214 2101; baseline 0.001 -22"><span class='ocrx_word' id='word_1_108' title='bbox 129 2012 255 2101; x_wconf 90' lang='lat' dir='ltr'><strong>phanes</strong></span> <span class='ocrx_word' id='word_1_109' title='bbox 271 2010 477 2100; x_wconf 67' lang='lat' dir='ltr'><strong>indignatum</strong></span> <span class='ocrx_word' id='word_1_110' title='bbox 499 2010 604 2079; x_wconf 93' lang='lat' dir='ltr'><strong>bonos</strong></span> <span class='ocrx_word' id='word_1_111' title='bbox 628 2009 727 2099; x_wconf 92' lang='lat' dir='ltr'><strong>igitur</strong></span> <span class='ocrx_word' id='word_1_112' title='bbox 740 2010 827 2079; x_wconf 89' lang='lat' dir='ltr'><strong>cives</strong></span> <span class='ocrx_word' id='word_1_113' title='bbox 853 2011 1037 2080; x_wconf 89' lang='lat' dir='ltr'><strong>inimicitias</strong></span> <span class='ocrx_word' id='word_1_114' title='bbox 1051 2011 1214 2100; x_wconf 88' lang='lat' dir='ltr'><strong>deponere</strong></span> 
     </span>
     <span class='ocr_line' id='line_1_17' title="bbox 125 2126 231 2216; baseline -0.009 -22"><span class='ocrx_word' id='word_1_115' title='bbox 125 2126 231 2216; x_wconf 84' lang='lat' dir='ltr'><strong>jubet.</strong></span> 
     </span>
    </p>
   </div>
   <div class='ocr_carea' id='block_1_5' title="bbox 128 2257 1214 3371">
    <p class='ocr_par' dir='ltr' id='par_1_5' title="bbox 128 2257 1214 3371">
     <span class='ocr_line' id='line_1_18' title="bbox 174 2257 1214 2348; baseline 0.001 -22"><span class='ocrx_word' id='word_1_116' title='bbox 174 2259 216 2326; x_wconf 83' lang='lat' dir='ltr'><strong>ht</strong></span> <span class='ocrx_word' id='word_1_117' title='bbox 229 2262 400 2347; x_wconf 89' lang='lat' dir='ltr'><strong>postquam</strong></span> <span class='ocrx_word' id='word_1_118' title='bbox 414 2258 508 2346; x_wconf 89' lang='lat' dir='ltr'><strong>probi</strong></span> <span class='ocrx_word' id='word_1_119' title='bbox 522 2258 593 2336; x_wconf 84' lang='lat' dir='ltr'><strong>viri,</strong></span> <span class='ocrx_word' id='word_1_120' title='bbox 610 2257 734 2346; x_wconf 88' lang='lat' dir='ltr'><strong>junctis</strong></span> <span class='ocrx_word' id='word_1_121' title='bbox 746 2257 879 2337; x_wconf 89' lang='lat' dir='ltr'><strong>viribus,</strong></span> <span class='ocrx_word' id='word_1_122' title='bbox 901 2259 1079 2347; x_wconf 90' lang='lat' dir='ltr'><strong>potentiam</strong></span> <span class='ocrx_word' id='word_1_123' title='bbox 1105 2259 1214 2348; x_wconf 90' lang='lat' dir='ltr'><strong>adepti</strong></span> 
     </span>
     <span class='ocr_line' id='line_1_19' title="bbox 129 2372 1212 2462; baseline -0.001 -19"><span class='ocrx_word' id='word_1_124' title='bbox 129 2379 238 2452; x_wconf 88' lang='lat' dir='ltr'><strong>erunt,</strong></span> <span class='ocrx_word' id='word_1_125' title='bbox 256 2373 376 2441; x_wconf 85' lang='lat' dir='ltr'><strong>nihilne</strong></span> <span class='ocrx_word' id='word_1_126' title='bbox 390 2373 561 2442; x_wconf 87' lang='lat' dir='ltr'><strong>mutabunt</strong></span> <span class='ocrx_word' id='word_1_127' title='bbox 588 2373 621 2440; x_wconf 95' lang='lat' dir='ltr'><strong>in</strong></span> <span class='ocrx_word' id='word_1_128' title='bbox 645 2372 891 2441; x_wconf 82' lang='lat' dir='ltr'><strong>Atheniensium</strong></span> <span class='ocrx_word' id='word_1_129' title='bbox 918 2373 1107 2462; x_wconf 76' lang='lat' dir='ltr'><strong>republica?</strong></span> <span class='ocrx_word' id='word_1_130' title='bbox 1130 2377 1212 2442; x_wconf 94' lang='lat' dir='ltr'><strong>Num</strong></span> 
     </span>
     <span class='ocr_line' id='line_1_20' title="bbox 128 2485 1214 2577; baseline 0.002 -22"><span class='ocrx_word' id='word_1_131' title='bbox 128 2486 287 2576; x_wconf 89' lang='lat' dir='ltr'><strong>imperitis</strong></span> <span class='ocrx_word' id='word_1_132' title='bbox 299 2485 361 2554; x_wconf 92' lang='lat' dir='ltr'><strong>illis</strong></span> <span class='ocrx_word' id='word_1_133' title='bbox 371 2485 545 2565; x_wconf 72' lang='lat' dir='ltr'><strong>sutoribus</strong></span> <span class='ocrx_word' id='word_1_134' title='bbox 560 2491 593 2553; x_wconf 92' lang='lat' dir='ltr'><strong>et</strong></span> <span class='ocrx_word' id='word_1_135' title='bbox 607 2485 719 2564; x_wconf 85' lang='lat' dir='ltr'><strong>labris,</strong></span> <span class='ocrx_word' id='word_1_136' title='bbox 736 2491 768 2554; x_wconf 90' lang='lat' dir='ltr'><strong>et</strong></span> <span class='ocrx_word' id='word_1_137' title='bbox 783 2487 996 2575; x_wconf 87' lang='lat' dir='ltr'><strong>cauponibus,</strong></span> <span class='ocrx_word' id='word_1_138' title='bbox 1012 2488 1066 2577; x_wconf 81' lang='lat' dir='ltr'><strong>qui</strong></span> <span class='ocrx_word' id='word_1_139' title='bbox 1081 2488 1113 2556; x_wconf 94' lang='lat' dir='ltr'><strong>iu</strong></span> <span class='ocrx_word' id='word_1_140' title='bbox 1128 2509 1214 2557; x_wconf 91' lang='lat' dir='ltr'><strong>cou-</strong></span> 
     </span>
     <span class='ocr_line' id='line_1_21' title="bbox 130 2598 1214 2690; baseline 0 -21"><span class='ocrx_word' id='word_1_141' title='bbox 130 2601 225 2670; x_wconf 91' lang='lat' dir='ltr'><strong>cione</strong></span> <span class='ocrx_word' id='word_1_142' title='bbox 254 2598 502 2678; x_wconf 87' lang='lat' dir='ltr'><strong>tumultuantur,</strong></span> <span class='ocrx_word' id='word_1_143' title='bbox 521 2599 659 2669; x_wconf 87' lang='lat' dir='ltr'><strong>liberum</strong></span> <span class='ocrx_word' id='word_1_144' title='bbox 687 2599 903 2670; x_wconf 89' lang='lat' dir='ltr'><strong>dcomnibus</strong></span> <span class='ocrx_word' id='word_1_145' title='bbox 924 2601 1064 2690; x_wconf 90' lang='lat' dir='ltr'><strong>negotiis</strong></span> <span class='ocrx_word' id='word_1_146' title='bbox 1090 2603 1214 2671; x_wconf 87' lang='lat' dir='ltr'><strong>suffra-</strong></span> 
     </span>
     <span class='ocr_line' id='line_1_22' title="bbox 129 2713 1214 2805; baseline 0.004 -24"><span class='ocrx_word' id='word_1_147' title='bbox 129 2713 222 2803; x_wconf 92' lang='lat' dir='ltr'><strong>gium</strong></span> <span class='ocrx_word' id='word_1_148' title='bbox 240 2713 448 2801; x_wconf 75' lang='lat' dir='ltr'><strong>relinquent?</strong></span> <span class='ocrx_word' id='word_1_149' title='bbox 460 2715 543 2780; x_wconf 91' lang='lat' dir='ltr'><strong>Num</strong></span> <span class='ocrx_word' id='word_1_150' title='bbox 558 2713 769 2801; x_wconf 86' lang='lat' dir='ltr'><strong>magistratus</strong></span> <span class='ocrx_word' id='word_1_151' title='bbox 783 2720 871 2781; x_wconf 89' lang='lat' dir='ltr'><strong>sorte</strong></span> <span class='ocrx_word' id='word_1_152' title='bbox 897 2713 1061 2803; x_wconf 89' lang='lat' dir='ltr'><strong>designari</strong></span> <span class='ocrx_word' id='word_1_153' title='bbox 1080 2717 1214 2805; x_wconf 89' lang='lat' dir='ltr'><strong>patien-</strong></span> 
     </span>
     <span class='ocr_line' id='line_1_23' title="bbox 129 2825 1213 2916; baseline 0.002 -20"><span class='ocrx_word' id='word_1_154' title='bbox 129 2832 209 2896; x_wconf 81' lang='lat' dir='ltr'><strong>tur‘t</strong></span> <span class='ocrx_word' id='word_1_155' title='bbox 223 2827 315 2908; x_wconf 84' lang='lat' dir='ltr'><strong>Quod</strong></span> <span class='ocrx_word' id='word_1_156' title='bbox 328 2825 458 2916; x_wconf 88' lang='lat' dir='ltr'><strong>quidem</strong></span> <span class='ocrx_word' id='word_1_157' title='bbox 473 2846 537 2894; x_wconf 91' lang='lat' dir='ltr'><strong>non</strong></span> <span class='ocrx_word' id='word_1_158' title='bbox 553 2825 647 2894; x_wconf 83' lang='lat' dir='ltr'><strong>facile</strong></span> <span class='ocrx_word' id='word_1_159' title='bbox 673 2825 928 2911; x_wconf 84' lang='lat' dir='ltr'><strong>crediderimus3</strong></span> <span class='ocrx_word' id='word_1_160' title='bbox 953 2827 1010 2896; x_wconf 89' lang='lat' dir='ltr'><strong>sed</strong></span> <span class='ocrx_word' id='word_1_161' title='bbox 1038 2849 1056 2897; x_wconf 92' lang='lat' dir='ltr'><strong>a</strong></span> <span class='ocrx_word' id='word_1_162' title='bbox 1080 2833 1213 2898; x_wconf 89' lang='lat' dir='ltr'><strong>Socrate</strong></span> 
     </span>
     <span class='ocr_line' id='line_1_24' title="bbox 130 2941 1213 3034; baseline -0.001 -21"><span class='ocrx_word' id='word_1_163' title='bbox 130 2946 202 3034; x_wconf 93' lang='lat' dir='ltr'><strong>ipso</strong></span> <span class='ocrx_word' id='word_1_164' title='bbox 217 2944 291 3013; x_wconf 81' lang='lat' dir='ltr'><strong>haec</strong></span> <span class='ocrx_word' id='word_1_165' title='bbox 306 2963 471 3032; x_wconf 87' lang='lat' dir='ltr'><strong>nunquam</strong></span> <span class='ocrx_word' id='word_1_166' title='bbox 485 2944 581 3032; x_wconf 89' lang='lat' dir='ltr'><strong>plane</strong></span> <span class='ocrx_word' id='word_1_167' title='bbox 597 2942 757 3031; x_wconf 82' lang='lat' dir='ltr'><strong>explicata</strong></span> <span class='ocrx_word' id='word_1_168' title='bbox 779 2941 878 3011; x_wconf 86' lang='lat' dir='ltr'><strong>luisse</strong></span> <span class='ocrx_word' id='word_1_169' title='bbox 896 2942 1080 3012; x_wconf 82' lang='lat' dir='ltr'><strong>fatebimur.</strong></span> <span class='ocrx_word' id='word_1_170' title='bbox 1097 2944 1213 3015; x_wconf 89' lang='lat' dir='ltr'><strong>Virtu-</strong></span> 
     </span>
     <span class='ocr_line' id='line_1_25' title="bbox 129 3054 1213 3144; baseline 0.001 -19"><span class='ocrx_word' id='word_1_171' title='bbox 129 3064 197 3126; x_wconf 84' lang='lat' dir='ltr'><strong>tem</strong></span> <span class='ocrx_word' id='word_1_172' title='bbox 211 3077 251 3125; x_wconf 90' lang='lat' dir='ltr'><strong>ac</strong></span> <span class='ocrx_word' id='word_1_173' title='bbox 263 3055 445 3124; x_wconf 87' lang='lat' dir='ltr'><strong>doctrinam</strong></span> <span class='ocrx_word' id='word_1_174' title='bbox 458 3054 570 3124; x_wconf 90' lang='lat' dir='ltr'><strong>debita</strong></span> <span class='ocrx_word' id='word_1_175' title='bbox 583 3055 778 3123; x_wconf 86' lang='lat' dir='ltr'><strong>auctoritate</strong></span> <span class='ocrx_word' id='word_1_176' title='bbox 804 3055 866 3123; x_wconf 87' lang='lat' dir='ltr'><strong>frui</strong></span> <span class='ocrx_word' id='word_1_177' title='bbox 893 3055 1001 3144; x_wconf 91' lang='lat' dir='ltr'><strong>cupit;</strong></span> <span class='ocrx_word' id='word_1_178' title='bbox 1023 3076 1042 3124; x_wconf 92' lang='lat' dir='ltr'><strong>c</strong></span> <span class='ocrx_word' id='word_1_179' title='bbox 1063 3056 1213 3126; x_wconf 90' lang='lat' dir='ltr'><strong>certissi-</strong></span> 
     </span>
     <span class='ocr_line' id='line_1_26' title="bbox 130 3166 1212 3256; baseline -0.001 -19"><span class='ocrx_word' id='word_1_180' title='bbox 130 3169 193 3237; x_wconf 90' lang='lat' dir='ltr'><strong>mis</strong></span> <span class='ocrx_word' id='word_1_181' title='bbox 205 3173 314 3237; x_wconf 91' lang='lat' dir='ltr'><strong>autcm</strong></span> <span class='ocrx_word' id='word_1_182' title='bbox 333 3169 403 3255; x_wconf 87' lang='lat' dir='ltr'><strong>ejus</strong></span> <span class='ocrx_word' id='word_1_183' title='bbox 418 3166 624 3236; x_wconf 90' lang='lat' dir='ltr'><strong>sermonibus</strong></span> <span class='ocrx_word' id='word_1_184' title='bbox 637 3187 702 3234; x_wconf 95' lang='lat' dir='ltr'><strong>non</strong></span> <span class='ocrx_word' id='word_1_185' title='bbox 714 3173 849 3254; x_wconf 87' lang='lat' dir='ltr'><strong>apparet</strong></span> <span class='ocrx_word' id='word_1_186' title='bbox 864 3188 939 3236; x_wconf 92' lang='lat' dir='ltr'><strong>eum</strong></span> <span class='ocrx_word' id='word_1_187' title='bbox 948 3167 1117 3256; x_wconf 91' lang='lat' dir='ltr'><strong>discipulis</strong></span> <span class='ocrx_word' id='word_1_188' title='bbox 1143 3188 1212 3236; x_wconf 92' lang='lat' dir='ltr'><strong>un-</strong></span> 
     </span>
     <span class='ocr_line' id='line_1_27' title="bbox 130 3267 1212 3371; baseline 0.001 -21"><span class='ocrx_word' id='word_1_189' title='bbox 130 3301 228 3371; x_wconf 90' lang='lat' dir='ltr'><strong>quam</strong></span> <span class='ocrx_word' id='word_1_190' title='bbox 245 3282 385 3350; x_wconf 88' lang='lat' dir='ltr'><strong>suasisse</strong></span> <span class='ocrx_word' id='word_1_191' title='bbox 407 3287 443 3349; x_wconf 92' lang='lat' dir='ltr'><strong>ut</strong></span> <span class='ocrx_word' id='word_1_192' title='bbox 455 3278 545 3369; x_wconf 89' lang='lat' dir='ltr'><strong>leges</strong></span> <span class='ocrx_word' id='word_1_193' title='bbox 560 3280 681 3369; x_wconf 90' lang='lat' dir='ltr'><strong>patrias</strong></span> <span class='ocrx_word' id='word_1_194' title='bbox 701 3267 875 3348; x_wconf 89' lang='lat' dir='ltr'><strong>mutarent.</strong></span> <span class='ocrx_word' id='word_1_195' title='bbox 904 3285 1073 3370; x_wconf 90' lang='lat' dir='ltr'><strong>Nunquam</strong></span> <span class='ocrx_word' id='word_1_196' title='bbox 1104 3281 1212 3351; x_wconf 87' lang='lat' dir='ltr'><strong>dicere</strong></span> 
     </span>
    </p>
   </div>
   <div class='ocr_carea' id='block_1_6' title="bbox 136 3543 375 3562">
    <p class='ocr_par' dir='ltr' id='par_1_6' title="bbox 136 3543 375 3562">
     <span class='ocr_line' id='line_1_28' title="bbox 136 3543 375 3562; baseline -0.004 0"><span class='ocrx_word' id='word_1_197' title='bbox 136 3543 375 3562; x_wconf 70' lang='lat' dir='ltr'><strong>...--....-—-l-</strong></span> 
     </span>
    </p>
   </div>
   <div class='ocr_carea' id='block_1_7' title="bbox 137 3772 1213 3941">
    <p class='ocr_par' dir='ltr' id='par_1_7' title="bbox 137 3772 1213 3941">
     <span class='ocr_line' id='line_1_29' title="bbox 173 3772 1213 3849; baseline -0.001 -18"><span class='ocrx_word' id='word_1_198' title='bbox 173 3782 179 3816; x_wconf 85' lang='lat'>¹</span> <span class='ocrx_word' id='word_1_199' title='bbox 201 3777 327 3848; x_wconf 76' lang='lat' dir='ltr'><strong>Xenoph,</strong></span> <span class='ocrx_word' id='word_1_200' title='bbox 342 3776 491 3843; x_wconf 71' lang='lat' dir='ltr'><strong>Memorat..</strong></span> <span class='ocrx_word' id='word_1_201' title='bbox 508 3777 535 3833; x_wconf 57' lang='lat' dir='ltr'><strong>lt.</strong></span> <span class='ocrx_word' id='word_1_202' title='bbox 549 3778 579 3832; x_wconf 89' lang='lat' dir='ltr'><strong>lV</strong></span> <span class='ocrx_word' id='word_1_203' title='bbox 595 3778 703 3849; x_wconf 83' lang='lat' dir='ltr'><strong>(Colloq.</strong></span> <span class='ocrx_word' id='word_1_204' title='bbox 720 3795 776 3832; x_wconf 88' lang='lat' dir='ltr'><strong>com</strong></span> <span class='ocrx_word' id='word_1_205' title='bbox 792 3777 974 3849; x_wconf 82' lang='lat' dir='ltr'><strong>Euthydcmo).</strong></span> <span class='ocrx_word' id='word_1_206' title='bbox 989 3792 1016 3814; x_wconf 92' lang='lat'>=</span> <span class='ocrx_word' id='word_1_207' title='bbox 1033 3777 1045 3813; x_wconf 79' lang='lat'>²</span> <span class='ocrx_word' id='word_1_208' title='bbox 1060 3775 1107 3840; x_wconf 86' lang='lat' dir='ltr'><strong>ld,</strong></span> <span class='ocrx_word' id='word_1_209' title='bbox 1140 3772 1213 3838; x_wconf 79' lang='lat' dir='ltr'><strong>itit..</strong></span> 
     </span>
     <span class='ocr_line' id='line_1_30' title="bbox 137 3867 681 3941; baseline 0.004 -18"><span class='ocrx_word' id='word_1_210' title='bbox 137 3869 165 3923; x_wconf 91' lang='lat' dir='ltr'><strong>L.</strong></span> <span class='ocrx_word' id='word_1_211' title='bbox 180 3869 210 3930; x_wconf 90' lang='lat' dir='ltr'><strong>ll,</strong></span> <span class='ocrx_word' id='word_1_212' title='bbox 228 3885 250 3924; x_wconf 86' lang='lat' dir='ltr'><strong>r.</strong></span> <span class='ocrx_word' id='word_1_213' title='bbox 267 3869 283 3922; x_wconf 82' lang='grc'><strong>6</strong></span> <span class='ocrx_word' id='word_1_214' title='bbox 300 3867 341 3940; x_wconf 89' lang='lat' dir='ltr'><strong>(in</strong></span> <span class='ocrx_word' id='word_1_215' title='bbox 356 3869 416 3925; x_wconf 91' lang='lat' dir='ltr'><strong>coll.</strong></span> <span class='ocrx_word' id='word_1_216' title='bbox 436 3871 507 3926; x_wconf 84' lang='lat' dir='ltr'><strong>Socr.</strong></span> <span class='ocrx_word' id='word_1_217' title='bbox 521 3869 681 3941; x_wconf 82' lang='lat' dir='ltr'><strong>cumCrito.)</strong></span> 
     </span>
    </p>
   </div>
   <div class='ocr_carea' id='block_1_8' title="bbox 0 0 1355 4508">
    <p class='ocr_par' dir='ltr' id='par_1_8' title="bbox 0 0 1355 4508">
     <span class='ocr_line' id='line_1_31' title="bbox 0 0 1355 4508; baseline 0 0"><span class='ocrx_word' id='word_1_218' title='bbox 0 0 1355 4508; x_wconf 95' lang='lat' dir='ltr'><strong> </strong></span> 
     </span>
    </p>
   </div>
  </div>
 </body>
</html>
