2684 4508
578 178 736 232 -195-

121 377 250 458 minuit;
280 376 365 466 quod
387 395 477 463 aegre
495 375 568 444 tulit
587 375 673 444 idem
699 374 751 442 ille
770 374 1003 463 Aristophanes
1026 375 1080 462 qui
1102 374 1196 462 judi-

122 510 194 558 cum
223 489 529 589 mercedemltoties
565 488 738 557 irriserat¹.
767 491 840 558 Mox
876 493 983 556 autem
1014 486 1197 557 Alcibiades

122 601 230 669 nescio
254 620 350 690 quem
363 599 569 688 Syracosium
589 597 766 677 suseitat²,
784 598 839 686 qui
866 598 939 686 lege
953 598 1075 687 pariter
1089 598 1198 666 comi-

123 736 194 783 cam
220 720 369 782 coerceat
393 713 569 782 licentiam.
600 717 678 782 llaec
708 733 785 781 vero
808 712 927 783 frustra
950 717 1074 782 tentata
1098 719 1195 794 sunt;

123 829 188 895 vim
199 829 286 895 enim
300 826 471 896 comoediae
485 826 624 917 populus
647 825 874 905 desiderabat,
901 831 934 894 et
945 828 1044 915 justae
1059 824 1199 895 libertati

125 942 342 1009 necessariam
366 940 595 1010 arbitrabatur.
624 939 767 1029 Triginta
795 939 927 1009 tandem
957 940 1032 1018 viri,
1064 939 1202 1029 publicis

124 1055 360 1125 calamitatibus
376 1056 417 1123 ad
432 1075 592 1124 summum
618 1054 784 1144 fastigium
800 1055 924 1133 evecti,
947 1055 1103 1144 populare
1123 1053 1201 1122 illud

125 1169 296 1238 comoediae
322 1168 422 1237 telum
449 1170 628 1257 fregerunt.
658 1169 811 1250 Quamvis
836 1169 941 1248 enim,
973 1175 1009 1237 ut
1035 1168 1198 1246 diximus,

126 1280 236 1369 populi
250 1281 326 1349 vitia
341 1290 498 1370 perpetuo
524 1281 754 1370 castigaverint
768 1280 901 1360 comici,
933 1282 1010 1349 etin
1034 1281 1073 1350 iis
1094 1301 1202 1350 rerum
1295 1322 1297 1326 »

127 1395 374 1474 mutationibus,
391 1414 466 1484 quae
480 1395 541 1464 sub
556 1394 654 1462 finem
668 1393 934 1483 Peloponnesiaci
948 1394 1024 1463 belli
1039 1394 1202 1464 civitatem

126 1511 338 1584 vexaverunt,
356 1505 456 1572 multa
479 1504 653 1594 optimates
673 1505 804 1574 abolere
823 1507 930 1575 conati
958 1505 1023 1574 sint
1044 1526 1123 1595 quae
1140 1525 1203 1574 oo-

127 1619 220 1690 micis
235 1620 318 1708 jocis
339 1617 453 1685 millies
467 1622 577 1686 notata
599 1616 751 1695 fueraut,
767 1621 940 1685 senserunt
952 1612 1061 1686 tamen
1075 1618 1203 1706 tyranni
1286 1692 1287 1695 Ἴ

128 1740 245 1804 tetram
268 1733 353 1801 illam
380 1731 652 1820 inhumanumque
667 1731 856 1820 reipublicae
874 1730 1031 1819 gerendae
1045 1729 1203 1799 rationem

128 1845 241 1914 facetis
256 1844 359 1933 poetis
385 1842 518 1932 probari
539 1863 603 1911 non
621 1862 735 1933 posse,
762 1862 899 1933 quorum
925 1862 979 1911 ars
1004 1843 1089 1911 inter
1111 1841 1215 1912 laetos'

128 1959 248 2030 Bacchi
263 1959 345 2026 ritus
358 1957 500 2026 enutrita
514 1964 673 2025 creverat.
689 1956 781 2026 Adde
794 1956 880 2046 quod
897 1958 1064 2046 antiquum
1078 1955 1207 2025 cando-

131 2091 220 2149 rem,
247 2070 377 2159 antiqua
401 2068 604 2146 instituta,a
632 2069 949 2159 comicisperpetuo
976 2067 1119 2148 laudata,
1147 2088 1207 2137 so·-

131 2185 311 2275 phistarum
338 2182 391 2252 isti
413 2183 562 2273 discipuli
589 2204 746 2253 renovare
770 2204 835 2253 non
871 2189 1073 2268 statuerant;
1099 2187 1208 2254 Areo-

131 2322 217 2392 pago
243 2301 330 2369 enim
355 2321 488 2391 gravem
515 2301 740 2390 placidamque
766 2301 991 2372 auctoritatem
1013 2322 1078 2371 non
1103 2300 1208 2370 reddi·

131 2411 268 2488 derunt,
289 2410 347 2478 sed
365 2411 537 2480 violentius
551 2411 719 2480 consilium
731 2411 890 2501 amplexi,
909 2412 1075 2482 minimam
1089 2413 1207 2481 civium

131 2530 257 2612 partem
283 2525 357 2613 iure
393 2523 538 2612 suffragii
579 2523 761 2594 donavere³
786 2524 904 2593 :veriti
940 2530 1048 2593 autem
1083 2544 1124 2592 ne
1159 2530 1208 2592 tot

130 2636 272 2706 facinora
303 2636 441 2705 Aristide
470 2656 510 2704 ac
534 2635 676 2706 Miltiade
703 2636 836 2724 indigna
867 2637 946 2726 ipsis
974 2638 1208 2726 exprobrarent

81 2806 83 2810 Α
132 2751 266 2829 comici,
297 2749 402 2839 legem
428 2770 446 2817 a
473 2749 640 2839 plebicolis
673 2749 749 2818 olim
776 2749 873 2816 latam
902 2771 1013 2835 rursus
1038 2751 1203 2830 tulerunt,
1232 2762 1234 2765 ’

133 2864 310 2935 scilicetne
331 2860 542 2932 nominatim⁴
555 2867 669 2950 postea
684 2881 878 2950 quemquam
905 2863 1094 2951 arriperent,
1185 2922 1188 2927 .

175 3006 245 3086 Quo
259 3000 387 3090 quidem
404 3001 470 3069 ictu
484 2999 633 3090 perculsa
649 3018 712 3067 non
736 2999 844 3066 statim
867 3000 1027 3069 comoedia
1042 3002 1203 3081 concidit,

131 3124 167 3186 ut
188 3117 413 3204 Aristophanis
435 3115 610 3185 Mulierem
636 3115 742 3182 coneto
766 3118 920 3193 testatur,
946 3135 1031 3183 nono
1055 3121 1130 3204 post
1149 3124 1207 3206 ty-

132 3251 251 3299 rannos
278 3235 409 3298 exactos
435 3247 520 3296 anno
547 3229 642 3315 (ante
665 3229 757 3295 l.-C.
786 3227 868 3312 395)
909 3228 942 3295 in
970 3247 1102 3297 scenam
1125 3218 1208 3319 pross

132 3345 246 3421 ducta,
273 3349 306 3411 et
330 3347 378 3411 tot
402 3340 585 3410 nominibus
609 3340 749 3441 civium,
773 3345 822 3407 tot
847 3341 967 3429 apertis
992 3342 1208 3415 derisionibus

137 3580 374 3589 ——--—--—.

173 3759 182 3798 ἱ
199 3754 282 3811 Scbol.
298 3753 434 3824 Aristopb.‚
451 3754 482 3808 ad
497 3753 558 3826 Eq„
575 3771 601 3809 u.
618 3751 678 3808 102.
693 3790 721 3811 =
738 3755 751 3796 ²
767 3753 814 3818 ld.,
830 3754 904 3819 ibid,
920 3756 1026 3822 aid-An,
1042 3773 1067 3812 r.
1089 3755 1223 3823 mat:-

137 3848 150 3888 ³
169 3845 293 3916 llenoplr.‚
309 3844 420 3931 Hellen,
438 3843 464 3899 t.
481 3843 513 3900 ll.
531 3855 558 3876 ²
571 3844 584 3883 ⁴
598 3844 745 3910 platonius,
760 3843 792 3899 de
806 3844 944 3903 Comoedia.
