2684 4508
108 409 226 478 medici
249 409 408 489 intentum
433 408 531 477 miror
556 415 664 477 tamen
692 407 718 476 si
737 406 1027 495 senexAEschylus,
1045 406 1188 475 omnium

109 522 322 591 admiratione
361 526 394 590 el
427 521 607 590 recentiore
633 519 768 610 triplicis
792 517 964 609 tragoediae
991 517 1093 608 gloria
1123 519 1188 588 de-

110 636 232 714 fensus,
252 635 325 703 hum
341 633 426 712 odia,
442 653 515 722 quae
540 633 660 703 inscius
677 633 928 723 impendensque
952 633 1184 712 concitaverat,

109 755 176 817 tam
202 766 316 836 parum
338 745 543 837 contempsit,
571 751 607 815 ut
630 746 834 837 popularium
860 752 893 815 ot
916 746 1031 835 patrie
1054 751 1189 836 aspectu

109 861 264 952 deinceps
285 861 346 930 sihi
368 852 544 930 carendum
572 880 644 930 esse
672 859 817 930 duceret.
840 864 922 930 Num
950 861 1064 930 Suidas
1081 859 1189 950 potius

109 972 288 1043 audiendus
314 973 452 1063 estqui,
485 973 562 1041 dum
588 977 740 1063 ageretur
766 973 905 1063 AEschyli
930 973 1048 1053 sabula,
1071 971 1190 1042 theatri

110 1088 254 1156 tabulata
281 1108 345 1157 non
367 1087 437 1157 sine
461 1086 536 1167 nlla,
568 1092 604 1155 ut
637 1087 797 1176 conjicere
821 1087 955 1166 liceret,
985 1093 1189 1176 spectantum

112 1200 223 1280 clade,
250 1202 411 1270 corruisse
433 1201 594 1291 perhibet.
626 1200 714 1275 Idem
739 1221 815 1270 vero
841 1200 981 1270 Pratinae
1009 1204 1190 1289 satyrorum

112 1313 262 1403 scriptori
296 1314 447 1403 quiddam
485 1314 588 1383 simile
627 1314 783 1383 accidisse
825 1313 944 1398 relert;
984 1333 1081 1403 quem
1117 1335 1190 1383 cum

112 1426 261 1516 AEschylo
284 1427 315 1495 in
340 1427 578 1516 septuagesima
601 1428 783 1518 olympiade
803 1431 904 1518 (ante
924 1432 959 1500 C.
987 1447 1072 1497 anno
1091 1427 1191 1518 quin-

111 1539 307 1630 gentesimo)
324 1547 466 1609 certasse
481 1541 629 1620 affirmat,
647 1553 733 1611 etex
752 1541 879 1631 poetica
895 1541 1068 1612 luctatione
1088 1559 1192 1631 supe-

112 1653 230 1723 riorem
245 1654 333 1723 illum
348 1654 489 1723 evasisse
501 1666 522 1721 ¹.
550 1653 642 1739 llinc
655 1655 827 1724 verisimile
846 1655 972 1725 videtur
987 1672 1192 1724 communem

111 1767 212 1837 lhisse
226 1767 367 1837 Pratinae
382 1768 572 1857 etAEsehylo
586 1790 707 1848 cesum,
718 1775 751 1837 et
765 1769 889 1838 ruinam
900 1767 1059 1856 AEschylci
1073 1765 1192 1836 theatri

112 1887 287 1951 annoanlo
307 1884 499 1951 Eumenidas
512 1882 759 1971 quadragesimo
775 1883 878 1972 primo
893 1881 1108 1950 referendam.

158 2018 292 2101 Quando
314 2020 402 2089 illum
431 2021 556 2090 delator
582 2021 727 2110 arguerit
747 2021 873 2092 Cereris
896 2041 1014 2091 areana
1040 2020 1195 2090 retexisse
1244 2058 1247 2066 ‚

115 2133 289 2213 nescimus,
302 2135 359 2203 sed
373 2154 432 2204 nos
446 2134 586 2204 ultanus
598 2135 705 2214 docet,
714 2135 775 2204 nisi
789 2134 888 2204 irater
901 2136 971 2225 ejus
984 2132 1137 2223 Amynias
1149 2132 1194 2203 ol·

115 2247 187 2316 heia
200 2268 217 2315 a
231 2267 267 2317 sc
281 2248 350 2336 ipso
361 2252 394 2315 et
406 2247 447 2316 ah
462 2247 656 2336 AEschyloln
669 2247 902 2338 rempublicam
915 2248 1042 2326 collata,
1060 2252 1093 2316 et
1104 2245 1194 2337 quid·

111 2358 189 2449 quid
211 2359 306 2429 amho
327 2359 516 2429 Marathone
538 2359 750 2430 aoSalamino
763 2361 888 2431 fortiter
902 2366 1073 2450 gesserant
1086 2359 1194 2430 vehe-

112 2473 213 2542 menti
235 2472 380 2542 oratione
395 2480 691 2552 commemorasset,
716 2474 957 2544 damnationem
981 2478 1111 2564 poetam
1128 2491 1193 2542 non

114 2586 288 2658 vitaturum
302 2585 403 2656 luisse
416 2588 440 2654 ².
459 2590 536 2669 Quae
550 2593 669 2667 autem,
685 2588 770 2658 inter
781 2593 829 2656 tot
841 2587 1028 2677 lragaedias‚
1050 2587 1126 2657 huie
1144 2607 1197 2656 ac·

113 2698 272 2770 cusationi
285 2720 416 2769 oausam
429 2700 568 2790 praebuit
576 2708 592 2770 ‘l
605 2704 797 2770 Eumenides
807 2701 1009 2792 Musgravius
1023 2699 1197 2791 designare

114 2811 247 2881 festinat
261 2813 272 2852 ³
290 2812 345 2882 uhi
360 2812 535 2881 inlerorum
547 2818 688 2882 Deorum
697 2814 818 2903 judicia
832 2819 898 2883 lam
909 2813 1022 2883 vividis
1034 2813 1198 2883 coloribus

114 2923 245 3013 depicta
260 2931 344 3003 sunt,
368 2929 404 2992 ut
421 2944 459 2993 ex
472 2924 707 2994 Eleusiniorum
721 2924 925 2996 sacerdotum
939 2924 980 2993 de
994 2924 1109 2993 animis
1128 2923 1198 2991 im-

116 3037 306 3108 mortalibus
327 3037 473 3107 doctrina
499 3037 619 3127 aliquid
641 3038 788 3110 hausisse
809 3042 905 3126 poeta
920 3036 1013 3107 lacile
1034 3035 1182 3107 videatur

115 3153 184 3220 Nec
197 3149 313 3220 mirum
326 3150 440 3220 luisset
451 3151 478 3220 si
491 3151 661 3241 plebicolee
671 3155 841 3242 Areopago
856 3149 971 3220 inlensi
986 3151 1019 3220 in
1031 3149 1198 3220 vatemil-

117 3263 183 3332 lum
197 3264 251 3353 qui
266 3269 414 3334 sanctum
427 3263 569 3334 tribunal
589 3263 746 3354 religione
758 3264 924 3334 tutabatur
943 3262 1046 3354 ipsam
1059 3261 1198 3354 religio-

116 3397 191 3446 nem
204 3382 393 3447 converlerc
412 3376 635 3447 tentavissent.
651 3378 822 3448 Fatcamur
834 3381 943 3448 tamen
955 3377 1040 3469 quod
1054 3380 1199 3467 llusgra-
1239 3358 1240 3365 ἵ

226 3612 230 3617 .
239 3612 359 3619 ιι--ι-

156 3792 280 3857 tenitas,
308 3811 330 3848 v.
358 3793 446 3851 (lierda.
468 3802 494 3850 et
508 3793 582 3851 Prot.
605 3812 633 3834 ²·
655 3798 667 3834 ²
685 3793 789 3859 liliam,
812 3793 870 3851 Ver.
884 3793 955 3859 list,
973 3793 1001 3850 L.
1019 3793 1047 3858 l,
1063 3811 1085 3849 c.
1104 3793 1146 3851 lu.
1164 3813 1198 3839 ==

119 3879 129 3908 ³
147 3881 288 3952 llusgravm
305 3881 345 3938 ed.
362 3882 484 3952 lhnipid„
500 3890 520 3937 t.
535 3883 587 3951 tlt,
607 3882 667 3940 edit.
682 3882 765 3940 tllasc.
784 3909 813 3921 -
830 3881 948 3940 dlrronnl.
964 3882 1036 3939 scen.
