2684 4508
598 169 736 236 -9υΤ

124 368 213 430 sator
246 363 336 431 uanis
371 363 508 432 mirabili
533 364 731 452 impudentia
761 364 891 432 latetur¹
930 385 965 432 se
989 364 1020 432 id
1048 360 1203 454 imprimis

124 477 284 567 indignari
300 478 384 567 quod
401 478 520 547 sodalis
532 479 782 568 pinguissimum
797 497 939 557 caseum,
957 481 1058 556 solus,
1074 486 1109 548 et
1122 479 1202 548 nulla

123 610 235 659 senum
261 594 352 679 parte
380 592 630 670 eommunieata,
656 591 827 660 voraverit.
853 596 899 660 Ne
923 592 1022 681 igitur
1044 592 1203 661 delatores

123 703 239 791 amplis
265 704 409 792 praemiis
431 703 603 781 decoretis,
628 725 647 772 o
668 704 900 787 Atheniensem
928 726 991 773 non
1015 707 1103 775 enim
1122 707 1203 795 quod

124 813 276 882 aerarium
289 814 461 902 expilaturi
476 821 526 883 est
537 816 731 895 irascuntur,
752 815 809 885 sed
824 816 908 906 qnod
924 817 965 886 ab
979 819 1101 888 aemulo
1115 819 1204 908 rapi-

126 947 238 996 narum
251 929 442 1016 particulam
458 949 521 996 non
541 929 753 1018 impetrarunt
771 954 778 999 :
795 931 844 999 vel
862 929 888 999 si
906 930 1107 1001 delatoribus
1127 952 1205 1022 opus

125 1046 176 1108 est
188 1044 223 1108 ut
235 1039 318 1108 lurta
333 1041 590 1121 manifestentur,
608 1043 682 1132 quid
696 1043 737 1110 de
751 1043 803 1110 illa
817 1043 946 1111 civitate
958 1043 1205 1113 existimandum

126 1152 157 1220 in
179 1169 239 1243 qua
256 1174 318 1222 non
343 1154 419 1223 boni
441 1155 498 1223 viri
522 1154 688 1243 improbos
707 1154 903 1244 investigant
917 1177 956 1224 ae
972 1156 1134 1234 deferunt,
1151 1156 1205 1224 sed

126 1266 263 1356 improbi
286 1267 344 1334 viri
369 1268 512 1356 praemiis
534 1267 693 1335 afficiendi
717 1274 792 1335 sunt
819 1274 854 1337 ut
877 1269 1034 1337 eonseios'
1048 1268 1204 1337 scelerum

126 1380 286 1449 interdum
301 1381 456 1470 detegere
470 1381 593 1450 veliut‘?

484 1672 505 1762 ὃ
530 1669 567 1741 5.
594 1711 643 1722 -
668 1671 719 1741 lle
744 1669 845 1742 Pure.

173 1916 249 1981 llaee
263 1913 496 2002 Aristophanes
512 1915 598 1982 eires
613 1935 689 1982 suos
701 1914 834 1992 edooet,
849 1914 984 1993 fortiter,
1001 1920 1037 1982 ut
1055 1913 1158 1993 solet,
1176 1921 1208 1982 et

127 2025 254 2095 Cleonis
281 2025 576 2117 plebioolarumque
591 2028 673 2094 iram
694 2027 877 2110 lacesseus3
896 2047 937 2095 ne
958 2026 1114 2095 miremur
1128 2047 1207 2116 ergo

130 2137 156 2205 si
171 2137 267 2206 toties
285 2159 303 2206 a
319 2137 442 2207 nivibus
458 2139 540 2227 petit
558 2147 593 2207 ut
618 2138 758 2227 publieee
773 2139 919 2208 utilitatis
934 2138 1140 2206 defensorem
1164 2138 1209 2206 di·

127 2251 278 2339 ligeutius
293 2258 478 2340 protegant.
496 2255 735 2341 Apertamvero
750 2252 862 2341 primis
876 2251 992 2320 labulis
1006 2252 1092 2319 viam
1104 2272 1208 2342 usque

126 2364 167 2432 ad
194 2370 373 2432 extremum
405 2370 535 2432 secutus
559 2370 627 2445 est;
645 2384 759 2452 paoem
784 2385 857 2431 eum
880 2363 1003 2433 Graeeis
1027 2364 1208 2432 feriendam

128 2477 245 2555 suasit,
266 2482 299 2545 et
316 2478 480 2565 popularis
501 2477 691 2563 reipublicae
705 2478 782 2546 vitia
803 2477 983 2546 incredibili
1007 2477 1102 2546 simul
1125 2478 1210 2545 viae

129 2590 238 2678 lepore
257 2589 439 2678 descripsit.

173 2732 277 2810 Quum
292 2727 420 2796 Cleonis
447 2729 571 2798 artibus
598 2749 637 2796 ae
660 2729 811 2797 violentia
829 2729 947 2797 bellum
965 2729 997 2796 in
1014 2736 1211 2818 perpetuum

126 2841 211 2910 trabi
225 2841 400 2918 videretur,
418 2841 538 2910 arctius
556 2841 671 2910 indies
686 2828 920 2931 Aristophanes
932 2842 1084 2931 agricolis
1099 2842 1210 2912 adbae·

127 2956 186 3034 sit,
210 2956 286 3045 qui,
315 2955 341 3023 si
369 2954 577 3044 Xenophonti
600 2955 780 3033 eredimus,
798 2955 990 3042 optimatum
1006 2955 1211 3024 manifestis-

128 3069 210 3136 simo
225 3068 356 3146 fautori,
374 3067 514 3136 debello
530 3068 644 3136 eadem
665 3088 739 3157 quae
754 3067 903 3135 ditissimi
918 3067 1005 3152 eires
1020 3068 1212 3137 metuebant

129 3181 397 3269 enpiebantque2.
421 3185 489 3249 lloe
512 3181 693 3270 fragmenta
714 3186 875 3255 testantur
898 3200 936 3248 ex
960 3182 1079 3248 amissa
1102 3181 1210 3250 labula

129 3319 202 3387 quae
216 3302 369 3386 Aprtootae
382 3295 560 3390 (Peoppor')
577 3300 731 3388 inseripta
746 3306 816 3367 erat
827 3300 852 3381 ³;
875 3299 907 3366 in
920 3298 1021 3367 altera
1034 3299 1207 3377 eomoedia

129 3543 373 3557 ———-.

168 3744 176 3784 l
199 3740 333 3812 tristopb.¹
356 3740 438 3813 Vesp„
461 3759 484 3796 r.
499 3741 631 3797 >tte-897.
647 3761 675 3782 =
705 3743 714 3768 ²
735 3742 857 3813 tereph..
872 3741 909 3797 lle
922 3741 984 3814 llep.
999 3739 1072 3805 Art,
1084 3757 1105 3794 e.
1123 3740 1149 3794 ἓ.
1176 3754 1209 3791 :e

133 3829 144 3856 ⁸
162 3829 243 3895 Stob„
260 3834 315 3896 περὶ
335 3833 427 3895 εἰρήνης
443 3830 473 3883 lr.
494 3835 595 3895 psarodi
611 3830 714 3894 laudat3
731 3846 830 3883 rarrnon
846 3828 944 3885 seilicet
958 3828 984 3884 iu
996 3830 1063 3898 pacis
1078 3829 1205 3883 honorem.
