<?xml version="1.0" encoding="UTF-8"?>
<!DOCTYPE html PUBLIC "-//W3C//DTD XHTML 1.0 Transitional//EN"
    "http://www.w3.org/TR/xhtml1/DTD/xhtml1-transitional.dtd">
<html xmlns="http://www.w3.org/1999/xhtml" xml:lang="en" lang="en">
 <head>
  <title>
</title>
<meta http-equiv="Content-Type" content="text/html;charset=utf-8" />
  <meta name='ocr-system' content='tesseract 3.04.00' />
  <meta name='ocr-capabilities' content='ocr_page ocr_carea ocr_par ocr_line ocrx_word'/>
</head>
<body>
  <div class='ocr_page' id='page_1' title='image "./quaeinatticarep00trgoog_0141.png"; bbox 0 0 2684 4508; ppageno 0'>
   <div class='ocr_carea' id='block_1_1' title="bbox 643 193 798 245">
    <p class='ocr_par' dir='ltr' id='par_1_1' title="bbox 643 193 798 245">
     <span class='ocr_line' id='line_1_1' title="bbox 643 193 798 245; baseline -0.006 0"><span class='ocrx_word' id='word_1_1' title='bbox 643 193 798 245; x_wconf 77' lang='lat' dir='ltr'>-rac-</span> 
     </span>
    </p>
   </div>
   <div class='ocr_carea' id='block_1_2' title="bbox 122 385 1272 3080">
    <p class='ocr_par' dir='ltr' id='par_1_2' title="bbox 122 385 1272 3080">
     <span class='ocr_line' id='line_1_2' title="bbox 182 385 1259 475; baseline -0.001 -20"><span class='ocrx_word' id='word_1_2' title='bbox 182 388 258 455; x_wconf 94' lang='lat' dir='ltr'>illud</span> <span class='ocrx_word' id='word_1_3' title='bbox 275 387 420 475; x_wconf 80' lang='lat' dir='ltr'>regimen</span> <span class='ocrx_word' id='word_1_4' title='bbox 437 386 543 454; x_wconf 78' lang='lat' dir='ltr'>uocari</span> <span class='ocrx_word' id='word_1_5' title='bbox 557 387 726 474; x_wconf 88' lang='lat' dir='ltr'>potuisset,</span> <span class='ocrx_word' id='word_1_6' title='bbox 743 392 776 452; x_wconf 89' lang='lat' dir='ltr'>ot</span> <span class='ocrx_word' id='word_1_7' title='bbox 788 385 998 473; x_wconf 73' lang='lat' dir='ltr'>optimatum,</span> <span class='ocrx_word' id='word_1_8' title='bbox 1018 386 1166 474; x_wconf 86' lang='lat' dir='ltr'>quamvis</span> <span class='ocrx_word' id='word_1_9' title='bbox 1178 387 1259 454; x_wconf 92' lang='lat' dir='ltr'>onim</span> 
     </span>
     <span class='ocr_line' id='line_1_3' title="bbox 180 498 1261 569; baseline -0.002 0"><span class='ocrx_word' id='word_1_10' title='bbox 180 501 298 569; x_wconf 85' lang='lat' dir='ltr'>mediae</span> <span class='ocrx_word' id='word_1_11' title='bbox 312 499 506 568; x_wconf 90' lang='lat' dir='ltr'>conditionis</span> <span class='ocrx_word' id='word_1_12' title='bbox 519 498 643 567; x_wconf 88' lang='lat' dir='ltr'>civibus</span> <span class='ocrx_word' id='word_1_13' title='bbox 658 498 790 567; x_wconf 91' lang='lat' dir='ltr'>consilia</span> <span class='ocrx_word' id='word_1_14' title='bbox 805 498 884 566; x_wconf 90' lang='lat' dir='ltr'>dare</span> <span class='ocrx_word' id='word_1_15' title='bbox 895 519 957 568; x_wconf 94' lang='lat' dir='ltr'>non</span> <span class='ocrx_word' id='word_1_16' title='bbox 974 498 1140 568; x_wconf 76' lang='lat' dir='ltr'>dubitaret</span> <span class='ocrx_word' id='word_1_17' title='bbox 1152 503 1261 568; x_wconf 89' lang='lat' dir='ltr'>Socra-</span> 
     </span>
     <span class='ocr_line' id='line_1_4' title="bbox 180 611 1263 702; baseline -0.003 -20"><span class='ocrx_word' id='word_1_18' title='bbox 180 620 240 691; x_wconf 83' lang='lat' dir='ltr'>tas,</span> <span class='ocrx_word' id='word_1_19' title='bbox 260 635 320 682; x_wconf 92' lang='lat' dir='ltr'>nec</span> <span class='ocrx_word' id='word_1_20' title='bbox 333 612 460 681; x_wconf 90' lang='lat' dir='ltr'>divitias</span> <span class='ocrx_word' id='word_1_21' title='bbox 475 632 615 702; x_wconf 84' lang='lat' dir='ltr'>unquam</span> <span class='ocrx_word' id='word_1_22' title='bbox 629 613 678 680; x_wconf 89' lang='lat' dir='ltr'>vel</span> <span class='ocrx_word' id='word_1_23' title='bbox 695 611 894 680; x_wconf 80' lang='lat' dir='ltr'>nobilitatem</span> <span class='ocrx_word' id='word_1_24' title='bbox 915 613 1109 701; x_wconf 93' lang='lat' dir='ltr'>populorum</span> <span class='ocrx_word' id='word_1_25' title='bbox 1134 613 1263 682; x_wconf 88' lang='lat' dir='ltr'>rectori-</span> 
     </span>
     <span class='ocr_line' id='line_1_5' title="bbox 180 726 1263 815; baseline -0.003 -19"><span class='ocrx_word' id='word_1_26' title='bbox 180 730 241 797; x_wconf 89' lang='lat' dir='ltr'>bus</span> <span class='ocrx_word' id='word_1_27' title='bbox 256 727 456 796; x_wconf 89' lang='lat' dir='ltr'>necessarias</span> <span class='ocrx_word' id='word_1_28' title='bbox 471 747 543 794; x_wconf 92' lang='lat' dir='ltr'>esse</span> <span class='ocrx_word' id='word_1_29' title='bbox 568 726 700 804; x_wconf 89' lang='lat' dir='ltr'>dixerit,</span> <span class='ocrx_word' id='word_1_30' title='bbox 719 748 775 794; x_wconf 89' lang='lat' dir='ltr'>eos</span> <span class='ocrx_word' id='word_1_31' title='bbox 790 726 956 815; x_wconf 85' lang='lat' dir='ltr'>praeeipue</span> <span class='ocrx_word' id='word_1_32' title='bbox 970 726 1010 795; x_wconf 94' lang='lat' dir='ltr'>ad</span> <span class='ocrx_word' id='word_1_33' title='bbox 1026 727 1263 815; x_wconf 78' lang='lat' dir='ltr'>rempublicam</span> 
     </span>
     <span class='ocr_line' id='line_1_6' title="bbox 181 840 1264 930; baseline -0.001 -21"><span class='ocrx_word' id='word_1_34' title='bbox 181 841 415 929; x_wconf 75' lang='lat' dir='ltr'>capessendam</span> <span class='ocrx_word' id='word_1_35' title='bbox 432 841 578 908; x_wconf 74' lang='lat' dir='ltr'>hortatus</span> <span class='ocrx_word' id='word_1_36' title='bbox 598 845 658 918; x_wconf 91' lang='lat' dir='ltr'>est,</span> <span class='ocrx_word' id='word_1_37' title='bbox 677 861 758 928; x_wconf 82' lang='lat' dir='ltr'>quos</span> <span class='ocrx_word' id='word_1_38' title='bbox 773 842 930 930; x_wconf 85' lang='lat' dir='ltr'>majorum</span> <span class='ocrx_word' id='word_1_39' title='bbox 945 840 1029 908; x_wconf 86' lang='lat' dir='ltr'>laeta</span> <span class='ocrx_word' id='word_1_40' title='bbox 1038 842 1107 929; x_wconf 86' lang='lat' dir='ltr'>jam</span> <span class='ocrx_word' id='word_1_41' title='bbox 1122 841 1264 909; x_wconf 90' lang='lat' dir='ltr'>stimula-</span> 
     </span>
     <span class='ocr_line' id='line_1_7' title="bbox 182 952 1265 1042; baseline -0.003 -17"><span class='ocrx_word' id='word_1_42' title='bbox 182 957 273 1033; x_wconf 84' lang='lat' dir='ltr'>bant,</span> <span class='ocrx_word' id='word_1_43' title='bbox 303 954 356 1042; x_wconf 79' lang='lat' dir='ltr'>uui</span> <span class='ocrx_word' id='word_1_44' title='bbox 379 954 454 1022; x_wconf 89' lang='lat' dir='ltr'>nulli</span> <span class='ocrx_word' id='word_1_45' title='bbox 475 952 623 1031; x_wconf 84' lang='lat' dir='ltr'>artificio,</span> <span class='ocrx_word' id='word_1_46' title='bbox 650 953 726 1021; x_wconf 91' lang='lat' dir='ltr'>nulli</span> <span class='ocrx_word' id='word_1_47' title='bbox 748 952 849 1021; x_wconf 91' lang='lat' dir='ltr'>labori</span> <span class='ocrx_word' id='word_1_48' title='bbox 873 952 984 1031; x_wconf 90' lang='lat' dir='ltr'>dediti,</span> <span class='ocrx_word' id='word_1_49' title='bbox 1011 953 1143 1040; x_wconf 84' lang='lat' dir='ltr'>ingenio</span> <span class='ocrx_word' id='word_1_50' title='bbox 1164 975 1265 1022; x_wconf 78' lang='lat' dir='ltr'>enco-</span> 
     </span>
     <span class='ocr_line' id='line_1_8' title="bbox 183 1063 1266 1154; baseline 0 -21"><span class='ocrx_word' id='word_1_51' title='bbox 183 1067 277 1134; x_wconf 92' lang='lat' dir='ltr'>lendo</span> <span class='ocrx_word' id='word_1_52' title='bbox 298 1068 429 1154; x_wconf 78' lang='lat' dir='ltr'>longum</span> <span class='ocrx_word' id='word_1_53' title='bbox 444 1065 544 1132; x_wconf 91' lang='lat' dir='ltr'>otium</span> <span class='ocrx_word' id='word_1_54' title='bbox 569 1063 757 1152; x_wconf 81' lang='lat' dir='ltr'>impendere</span> <span class='ocrx_word' id='word_1_55' title='bbox 772 1070 935 1151; x_wconf 83' lang='lat' dir='ltr'>poterant.</span> <span class='ocrx_word' id='word_1_56' title='bbox 954 1064 1009 1132; x_wconf 91' lang='lat' dir='ltr'>His</span> <span class='ocrx_word' id='word_1_57' title='bbox 1023 1070 1147 1144; x_wconf 90' lang='lat' dir='ltr'>tamen,</span> <span class='ocrx_word' id='word_1_58' title='bbox 1171 1066 1198 1134; x_wconf 87' lang='lat' dir='ltr'>si</span> <span class='ocrx_word' id='word_1_59' title='bbox 1209 1086 1266 1133; x_wconf 90' lang='lat' dir='ltr'>re-</span> 
     </span>
     <span class='ocr_line' id='line_1_9' title="bbox 182 1176 1263 1267; baseline -0.002 -19"><span class='ocrx_word' id='word_1_60' title='bbox 182 1180 244 1248; x_wconf 90' lang='lat' dir='ltr'>bus</span> <span class='ocrx_word' id='word_1_61' title='bbox 267 1178 402 1267; x_wconf 77' lang='lat' dir='ltr'>publicis</span> <span class='ocrx_word' id='word_1_62' title='bbox 421 1197 536 1266; x_wconf 91' lang='lat' dir='ltr'>parum</span> <span class='ocrx_word' id='word_1_63' title='bbox 554 1183 648 1265; x_wconf 90' lang='lat' dir='ltr'>aptos</span> <span class='ocrx_word' id='word_1_64' title='bbox 663 1176 788 1250; x_wconf 86' lang='lat' dir='ltr'>viderit.</span> <span class='ocrx_word' id='word_1_65' title='bbox 807 1176 893 1244; x_wconf 89' lang='lat' dir='ltr'>allud</span> <span class='ocrx_word' id='word_1_66' title='bbox 912 1177 989 1246; x_wconf 84' lang='lat' dir='ltr'>vitae</span> <span class='ocrx_word' id='word_1_67' title='bbox 1004 1198 1110 1266; x_wconf 83' lang='lat' dir='ltr'>genus</span> <span class='ocrx_word' id='word_1_68' title='bbox 1128 1180 1263 1261; x_wconf 82' lang='lat' dir='ltr'>suadet3</span> 
     </span>
     <span class='ocr_line' id='line_1_10' title="bbox 136 1289 1266 1381; baseline 0 -22"><span class='ocrx_word' id='word_1_69' title='bbox 136 1330 138 1334; x_wconf 35' lang='lat' dir='ltr'>v</span> <span class='ocrx_word' id='word_1_70' title='bbox 184 1294 271 1360; x_wconf 88' lang='lat' dir='ltr'>hosa</span> <span class='ocrx_word' id='word_1_71' title='bbox 285 1291 454 1361; x_wconf 87' lang='lat' dir='ltr'>servilibus</span> <span class='ocrx_word' id='word_1_72' title='bbox 464 1289 594 1379; x_wconf 88' lang='lat' dir='ltr'>quidem</span> <span class='ocrx_word' id='word_1_73' title='bbox 608 1289 751 1357; x_wconf 85' lang='lat' dir='ltr'>artillciis</span> <span class='ocrx_word' id='word_1_74' title='bbox 763 1293 784 1363; x_wconf 86' lang='lat'>¹,</span> <span class='ocrx_word' id='word_1_75' title='bbox 800 1310 863 1356; x_wconf 92' lang='lat' dir='ltr'>non</span> <span class='ocrx_word' id='word_1_76' title='bbox 877 1291 945 1357; x_wconf 86' lang='lat' dir='ltr'>siue</span> <span class='ocrx_word' id='word_1_77' title='bbox 956 1291 1116 1359; x_wconf 90' lang='lat' dir='ltr'>Laconica</span> <span class='ocrx_word' id='word_1_78' title='bbox 1127 1293 1266 1381; x_wconf 88' lang='lat' dir='ltr'>quadam</span> 
     </span>
     <span class='ocr_line' id='line_1_11' title="bbox 182 1403 1267 1494; baseline 0.002 -20"><span class='ocrx_word' id='word_1_79' title='bbox 182 1406 349 1494; x_wconf 87' lang='lat' dir='ltr'>superbia,</span> <span class='ocrx_word' id='word_1_80' title='bbox 363 1404 522 1485; x_wconf 89' lang='lat' dir='ltr'>deterret;</span> <span class='ocrx_word' id='word_1_81' title='bbox 538 1411 571 1471; x_wconf 89' lang='lat' dir='ltr'>at</span> <span class='ocrx_word' id='word_1_82' title='bbox 586 1403 841 1472; x_wconf 72' lang='lat' dir='ltr'>Lacedaemoniis</span> <span class='ocrx_word' id='word_1_83' title='bbox 852 1404 969 1492; x_wconf 90' lang='lat' dir='ltr'>justior</span> <span class='ocrx_word' id='word_1_84' title='bbox 984 1405 1079 1473; x_wconf 89' lang='lat' dir='ltr'>simul</span> <span class='ocrx_word' id='word_1_85' title='bbox 1098 1411 1133 1474; x_wconf 89' lang='lat' dir='ltr'>et</span> <span class='ocrx_word' id='word_1_86' title='bbox 1145 1407 1267 1475; x_wconf 92' lang='lat' dir='ltr'>huma-</span> 
     </span>
     <span class='ocr_line' id='line_1_12' title="bbox 183 1519 1267 1610; baseline 0.002 -22"><span class='ocrx_word' id='word_1_87' title='bbox 183 1523 263 1599; x_wconf 89' lang='lat' dir='ltr'>nior,</span> <span class='ocrx_word' id='word_1_88' title='bbox 288 1541 353 1588; x_wconf 92' lang='lat' dir='ltr'>non</span> <span class='ocrx_word' id='word_1_89' title='bbox 378 1519 492 1589; x_wconf 91' lang='lat' dir='ltr'>Hilotis</span> <span class='ocrx_word' id='word_1_90' title='bbox 513 1525 638 1587; x_wconf 92' lang='lat' dir='ltr'>tantum</span> <span class='ocrx_word' id='word_1_91' title='bbox 661 1540 701 1587; x_wconf 91' lang='lat' dir='ltr'>ac</span> <span class='ocrx_word' id='word_1_92' title='bbox 715 1519 816 1587; x_wconf 90' lang='lat' dir='ltr'>servis</span> <span class='ocrx_word' id='word_1_93' title='bbox 831 1539 985 1607; x_wconf 82' lang='lat' dir='ltr'>agrorum</span> <span class='ocrx_word' id='word_1_94' title='bbox 1004 1520 1166 1589; x_wconf 91' lang='lat' dir='ltr'>culturam</span> <span class='ocrx_word' id='word_1_95' title='bbox 1186 1543 1267 1610; x_wconf 87' lang='lat' dir='ltr'>per-</span> 
     </span>
     <span class='ocr_line' id='line_1_13' title="bbox 184 1632 1267 1723; baseline 0.003 -23"><span class='ocrx_word' id='word_1_96' title='bbox 184 1633 266 1700; x_wconf 90' lang='lat' dir='ltr'>mitti</span> <span class='ocrx_word' id='word_1_97' title='bbox 275 1633 353 1710; x_wconf 88' lang='lat' dir='ltr'>vult,</span> <span class='ocrx_word' id='word_1_98' title='bbox 373 1632 589 1701; x_wconf 90' lang='lat' dir='ltr'>nobilissimos</span> <span class='ocrx_word' id='word_1_99' title='bbox 600 1651 675 1699; x_wconf 91' lang='lat' dir='ltr'>vero</span> <span class='ocrx_word' id='word_1_100' title='bbox 688 1632 932 1701; x_wconf 76' lang='lat' dir='ltr'>Atheniensium</span> <span class='ocrx_word' id='word_1_101' title='bbox 940 1634 1048 1702; x_wconf 92' lang='lat' dir='ltr'>omnia</span> <span class='ocrx_word' id='word_1_102' title='bbox 1067 1635 1154 1702; x_wconf 88' lang='lat' dir='ltr'>ruris</span> <span class='ocrx_word' id='word_1_103' title='bbox 1169 1655 1267 1723; x_wconf 89' lang='lat' dir='ltr'>opera</span> 
     </span>
     <span class='ocr_line' id='line_1_14' title="bbox 185 1745 1268 1837; baseline 0 -21"><span class='ocrx_word' id='word_1_104' title='bbox 185 1767 310 1826; x_wconf 88' lang='lat' dir='ltr'>curare,</span> <span class='ocrx_word' id='word_1_105' title='bbox 333 1746 506 1835; x_wconf 89' lang='lat' dir='ltr'>inspicere,</span> <span class='ocrx_word' id='word_1_106' title='bbox 531 1746 595 1814; x_wconf 90' lang='lat' dir='ltr'>imo</span> <span class='ocrx_word' id='word_1_107' title='bbox 620 1747 772 1834; x_wconf 90' lang='lat' dir='ltr'>patricias</span> <span class='ocrx_word' id='word_1_108' title='bbox 795 1766 910 1815; x_wconf 92' lang='lat' dir='ltr'>manus</span> <span class='ocrx_word' id='word_1_109' title='bbox 934 1745 1109 1826; x_wconf 92' lang='lat' dir='ltr'>interdum,</span> <span class='ocrx_word' id='word_1_110' title='bbox 1131 1748 1268 1837; x_wconf 77' lang='lat' dir='ltr'>Junioris</span> 
     </span>
     <span class='ocr_line' id='line_1_15' title="bbox 185 1859 1269 1948; baseline -0.001 -18"><span class='ocrx_word' id='word_1_111' title='bbox 185 1861 258 1947; x_wconf 73' lang='lat' dir='ltr'>Cyri</span> <span class='ocrx_word' id='word_1_112' title='bbox 275 1861 387 1937; x_wconf 91' lang='lat' dir='ltr'>instar,</span> <span class='ocrx_word' id='word_1_113' title='bbox 409 1859 508 1948; x_wconf 85' lang='lat' dir='ltr'>ligoni</span> <span class='ocrx_word' id='word_1_114' title='bbox 528 1865 561 1927; x_wconf 92' lang='lat' dir='ltr'>et</span> <span class='ocrx_word' id='word_1_115' title='bbox 582 1864 689 1927; x_wconf 91' lang='lat' dir='ltr'>aratro</span> <span class='ocrx_word' id='word_1_116' title='bbox 710 1859 900 1928; x_wconf 90' lang='lat' dir='ltr'>admovere:</span> <span class='ocrx_word' id='word_1_117' title='bbox 918 1859 995 1927; x_wconf 92' lang='lat' dir='ltr'>hinc</span> <span class='ocrx_word' id='word_1_118' title='bbox 1015 1859 1103 1927; x_wconf 88' lang='lat' dir='ltr'>onim</span> <span class='ocrx_word' id='word_1_119' title='bbox 1118 1861 1269 1929; x_wconf 86' lang='lat' dir='ltr'>certissi-</span> 
     </span>
     <span class='ocr_line' id='line_1_16' title="bbox 186 1970 1267 2062; baseline -0.001 -23"><span class='ocrx_word' id='word_1_120' title='bbox 186 1993 255 2041; x_wconf 90' lang='lat' dir='ltr'>mas</span> <span class='ocrx_word' id='word_1_121' title='bbox 270 1993 349 2062; x_wconf 89' lang='lat' dir='ltr'>opes</span> <span class='ocrx_word' id='word_1_122' title='bbox 364 1972 465 2050; x_wconf 88' lang='lat' dir='ltr'>nasci,</span> <span class='ocrx_word' id='word_1_123' title='bbox 484 1971 561 2038; x_wconf 93' lang='lat' dir='ltr'>hinc</span> <span class='ocrx_word' id='word_1_124' title='bbox 574 1970 714 2059; x_wconf 89' lang='lat' dir='ltr'>optimos</span> <span class='ocrx_word' id='word_1_125' title='bbox 728 1991 836 2040; x_wconf 89' lang='lat' dir='ltr'>mores</span> <span class='ocrx_word' id='word_1_126' title='bbox 850 1970 983 2048; x_wconf 91' lang='lat' dir='ltr'>hauriri,</span> <span class='ocrx_word' id='word_1_127' title='bbox 1014 1971 1091 2040; x_wconf 92' lang='lat' dir='ltr'>hinc</span> <span class='ocrx_word' id='word_1_128' title='bbox 1117 1972 1267 2041; x_wconf 88' lang='lat' dir='ltr'>bellicam</span> 
     </span>
     <span class='ocr_line' id='line_1_17' title="bbox 186 2083 1268 2174; baseline 0 -22"><span class='ocrx_word' id='word_1_129' title='bbox 186 2085 418 2164; x_wconf 86' lang='lat' dir='ltr'>fortitudinem,</span> <span class='ocrx_word' id='word_1_130' title='bbox 429 2084 661 2174; x_wconf 89' lang='lat' dir='ltr'>imperatorias</span> <span class='ocrx_word' id='word_1_131' title='bbox 671 2083 817 2161; x_wconf 88' lang='lat' dir='ltr'>virtutes,</span> <span class='ocrx_word' id='word_1_132' title='bbox 836 2089 869 2150; x_wconf 90' lang='lat' dir='ltr'>et</span> <span class='ocrx_word' id='word_1_133' title='bbox 882 2104 938 2152; x_wconf 90' lang='lat' dir='ltr'>eas</span> <span class='ocrx_word' id='word_1_134' title='bbox 951 2105 1025 2173; x_wconf 83' lang='lat' dir='ltr'>quae</span> <span class='ocrx_word' id='word_1_135' title='bbox 1040 2085 1268 2173; x_wconf 83' lang='lat' dir='ltr'>magistratum</span> 
     </span>
     <span class='ocr_line' id='line_1_18' title="bbox 185 2197 1269 2286; baseline 0.001 -19"><span class='ocrx_word' id='word_1_136' title='bbox 185 2200 323 2268; x_wconf 83' lang='lat' dir='ltr'>maxime</span> <span class='ocrx_word' id='word_1_137' title='bbox 335 2199 483 2276; x_wconf 81' lang='lat' dir='ltr'>deceant,</span> <span class='ocrx_word' id='word_1_138' title='bbox 502 2197 824 2286; x_wconf 76' lang='lat' dir='ltr'>hominesadipisci2.</span> <span class='ocrx_word' id='word_1_139' title='bbox 844 2198 1040 2266; x_wconf 76' lang='lat' dir='ltr'>Praeclaram</span> <span class='ocrx_word' id='word_1_140' title='bbox 1053 2199 1269 2268; x_wconf 80' lang='lat' dir='ltr'>vitaerusticae</span> 
     </span>
     <span class='ocr_line' id='line_1_19' title="bbox 188 2311 1266 2402; baseline 0 -22"><span class='ocrx_word' id='word_1_141' title='bbox 188 2313 418 2391; x_wconf 89' lang='lat' dir='ltr'>laudationem,</span> <span class='ocrx_word' id='word_1_142' title='bbox 436 2334 510 2402; x_wconf 82' lang='lat' dir='ltr'>quae</span> <span class='ocrx_word' id='word_1_143' title='bbox 530 2332 594 2380; x_wconf 93' lang='lat' dir='ltr'>non</span> <span class='ocrx_word' id='word_1_144' title='bbox 612 2313 712 2380; x_wconf 92' lang='lat' dir='ltr'>risum</span> <span class='ocrx_word' id='word_1_145' title='bbox 730 2318 869 2390; x_wconf 87' lang='lat' dir='ltr'>moveat,</span> <span class='ocrx_word' id='word_1_146' title='bbox 890 2317 926 2379; x_wconf 91' lang='lat' dir='ltr'>ut</span> <span class='ocrx_word' id='word_1_147' title='bbox 939 2311 1070 2400; x_wconf 82' lang='lat' dir='ltr'>Trygoei</span> <span class='ocrx_word' id='word_1_148' title='bbox 1085 2313 1266 2391; x_wconf 81' lang='lat' dir='ltr'>cantilena,</span> 
     </span>
     <span class='ocr_line' id='line_1_20' title="bbox 188 2406 1266 2514; baseline -0.002 -20"><span class='ocrx_word' id='word_1_149' title='bbox 188 2426 245 2494; x_wconf 89' lang='lat' dir='ltr'>sed</span> <span class='ocrx_word' id='word_1_150' title='bbox 260 2406 485 2514; x_wconf 74' lang='lat' dir='ltr'>Aristophanis</span> <span class='ocrx_word' id='word_1_151' title='bbox 505 2431 614 2492; x_wconf 90' lang='lat' dir='ltr'>tamen</span> <span class='ocrx_word' id='word_1_152' title='bbox 634 2423 933 2502; x_wconf 67' lang='lat' dir='ltr'>vindemiatoribus</span> <span class='ocrx_word' id='word_1_153' title='bbox 957 2424 983 2492; x_wconf 88' lang='lat' dir='ltr'>si</span> <span class='ocrx_word' id='word_1_154' title='bbox 1008 2444 1080 2492; x_wconf 91' lang='lat' dir='ltr'>eam</span> <span class='ocrx_word' id='word_1_155' title='bbox 1102 2424 1266 2502; x_wconf 89' lang='lat' dir='ltr'>audirent,</span> 
     </span>
     <span class='ocr_line' id='line_1_21' title="bbox 188 2535 1271 2625; baseline 0.001 -22"><span class='ocrx_word' id='word_1_156' title='bbox 188 2536 274 2604; x_wconf 93' lang='lat' dir='ltr'>haud</span> <span class='ocrx_word' id='word_1_157' title='bbox 288 2536 467 2625; x_wconf 77' lang='lat' dir='ltr'>ingratam!</span> <span class='ocrx_word' id='word_1_158' title='bbox 488 2538 633 2604; x_wconf 85' lang='lat' dir='ltr'>hshrmat</span> <span class='ocrx_word' id='word_1_159' title='bbox 648 2536 831 2623; x_wconf 84' lang='lat' dir='ltr'>Xenophon</span> <span class='ocrx_word' id='word_1_160' title='bbox 853 2536 886 2603; x_wconf 93' lang='lat' dir='ltr'>in</span> <span class='ocrx_word' id='word_1_161' title='bbox 901 2536 965 2603; x_wconf 89' lang='lat' dir='ltr'>vita</span> <span class='ocrx_word' id='word_1_162' title='bbox 984 2535 1106 2605; x_wconf 88' lang='lat' dir='ltr'>rustica</span> <span class='ocrx_word' id='word_1_163' title='bbox 1121 2538 1271 2625; x_wconf 91' lang='lat' dir='ltr'>pruden-</span> 
     </span>
     <span class='ocr_line' id='line_1_22' title="bbox 188 2647 1271 2738; baseline 0.001 -22"><span class='ocrx_word' id='word_1_164' title='bbox 188 2648 348 2716; x_wconf 90' lang='lat' dir='ltr'>tissimum</span> <span class='ocrx_word' id='word_1_165' title='bbox 368 2647 540 2736; x_wconf 88' lang='lat' dir='ltr'>quemdam</span> <span class='ocrx_word' id='word_1_166' title='bbox 569 2648 812 2736; x_wconf 87' lang='lat' dir='ltr'>perlectumque</span> <span class='ocrx_word' id='word_1_167' title='bbox 835 2648 940 2716; x_wconf 84' lang='lat' dir='ltr'>virum</span> <span class='ocrx_word' id='word_1_168' title='bbox 968 2653 1136 2717; x_wconf 88' lang='lat' dir='ltr'>aSocrate</span> <span class='ocrx_word' id='word_1_169' title='bbox 1154 2671 1271 2738; x_wconf 89' lang='lat' dir='ltr'>reper-</span> 
     </span>
     <span class='ocr_line' id='line_1_23' title="bbox 190 2760 1271 2852; baseline 0.001 -23"><span class='ocrx_word' id='word_1_170' title='bbox 190 2767 259 2829; x_wconf 89' lang='lat' dir='ltr'>tum</span> <span class='ocrx_word' id='word_1_171' title='bbox 284 2761 393 2839; x_wconf 71' lang='lat' dir='ltr'>luisse,</span> <span class='ocrx_word' id='word_1_172' title='bbox 412 2760 658 2829; x_wconf 87' lang='lat' dir='ltr'>Ischomachum</span> <span class='ocrx_word' id='word_1_173' title='bbox 674 2761 807 2838; x_wconf 83' lang='lat' dir='ltr'>scilicet,</span> <span class='ocrx_word' id='word_1_174' title='bbox 826 2761 880 2849; x_wconf 91' lang='lat' dir='ltr'>qui</span> <span class='ocrx_word' id='word_1_175' title='bbox 902 2781 954 2828; x_wconf 91' lang='lat' dir='ltr'>res</span> <span class='ocrx_word' id='word_1_176' title='bbox 969 2761 1039 2828; x_wconf 91' lang='lat' dir='ltr'>illas</span> <span class='ocrx_word' id='word_1_177' title='bbox 1051 2767 1119 2829; x_wconf 91' lang='lat' dir='ltr'>tam</span> <span class='ocrx_word' id='word_1_178' title='bbox 1138 2764 1271 2852; x_wconf 79' lang='lat' dir='ltr'>egregie</span> 
     </span>
     <span class='ocr_line' id='line_1_24' title="bbox 191 2874 1272 2966; baseline 0.001 -22"><span class='ocrx_word' id='word_1_179' title='bbox 191 2877 347 2953; x_wconf 86' lang='lat' dir='ltr'>calluerit,</span> <span class='ocrx_word' id='word_1_180' title='bbox 365 2883 399 2942; x_wconf 89' lang='lat' dir='ltr'>ut</span> <span class='ocrx_word' id='word_1_181' title='bbox 414 2876 455 2942; x_wconf 90' lang='lat' dir='ltr'>ah</span> <span class='ocrx_word' id='word_1_182' title='bbox 471 2896 509 2943; x_wconf 89' lang='lat' dir='ltr'>oo</span> <span class='ocrx_word' id='word_1_183' title='bbox 524 2880 674 2943; x_wconf 87' lang='lat' dir='ltr'>Socrates</span> <span class='ocrx_word' id='word_1_184' title='bbox 693 2875 763 2962; x_wconf 90' lang='lat' dir='ltr'>ipse</span> <span class='ocrx_word' id='word_1_185' title='bbox 778 2874 951 2943; x_wconf 91' lang='lat' dir='ltr'>doceretur</span> <span class='ocrx_word' id='word_1_186' title='bbox 965 2875 987 2942; x_wconf 83' lang='lat'>³.</span> <span class='ocrx_word' id='word_1_187' title='bbox 1015 2877 1057 2943; x_wconf 85' lang='lat' dir='ltr'>ht</span> <span class='ocrx_word' id='word_1_188' title='bbox 1070 2877 1272 2966; x_wconf 79' lang='lat' dir='ltr'>quotusquis</span> 
     </span>
     <span class='ocr_line' id='line_1_25' title="bbox 122 2989 1271 3080; baseline -0.001 -21"><span class='ocrx_word' id='word_1_189' title='bbox 122 3025 125 3037; x_wconf 93' lang='lat'>·</span> <span class='ocrx_word' id='word_1_190' title='bbox 188 3012 251 3080; x_wconf 87' lang='lat' dir='ltr'>que</span> <span class='ocrx_word' id='word_1_191' title='bbox 272 2990 304 3057; x_wconf 94' lang='lat' dir='ltr'>in</span> <span class='ocrx_word' id='word_1_192' title='bbox 324 2989 489 3079; x_wconf 85' lang='lat' dir='ltr'>republica</span> <span class='ocrx_word' id='word_1_193' title='bbox 510 2990 654 3078; x_wconf 83' lang='lat' dir='ltr'>gerenda</span> <span class='ocrx_word' id='word_1_194' title='bbox 676 2989 832 3077; x_wconf 84' lang='lat' dir='ltr'>magistro</span> <span class='ocrx_word' id='word_1_195' title='bbox 852 2989 948 3077; x_wconf 90' lang='lat' dir='ltr'>plane</span> <span class='ocrx_word' id='word_1_196' title='bbox 977 2990 1146 3069; x_wconf 83' lang='lat' dir='ltr'>satisfecit,</span> <span class='ocrx_word' id='word_1_197' title='bbox 1176 2997 1210 3058; x_wconf 92' lang='lat' dir='ltr'>et</span> <span class='ocrx_word' id='word_1_198' title='bbox 1229 2991 1271 3058; x_wconf 92' lang='lat' dir='ltr'>illi</span> 
     </span>
    </p>
   </div>
   <div class='ocr_carea' id='block_1_3' title="bbox 190 3102 1271 3201">
    <p class='ocr_par' dir='ltr' id='par_1_3' title="bbox 190 3102 1271 3201">
     <span class='ocr_line' id='line_1_26' title="bbox 190 3102 1271 3201; baseline -0.002 -22"><span class='ocrx_word' id='word_1_199' title='bbox 190 3131 266 3179; x_wconf 84' lang='lat' dir='ltr'>vere</span> <span class='ocrx_word' id='word_1_200' title='bbox 281 3112 402 3198; x_wconf 89' lang='lat' dir='ltr'>probus</span> <span class='ocrx_word' id='word_1_201' title='bbox 418 3115 450 3177; x_wconf 88' lang='lat' dir='ltr'>ot</span> <span class='ocrx_word' id='word_1_202' title='bbox 471 3110 626 3177; x_wconf 89' lang='lat' dir='ltr'>honestus</span> <span class='ocrx_word' id='word_1_203' title='bbox 640 3105 653 3201; x_wconf 86' lang='lat'><strong>(</strong></span> <span class='ocrx_word' id='word_1_204' title='bbox 665 3102 759 3184; x_wconf 69' lang='grc' dir='ltr'>καλὸς</span> <span class='ocrx_word' id='word_1_205' title='bbox 787 3102 951 3200; x_wconf 76' lang='grc' dir='ltr'>κάγαθός)</span> <span class='ocrx_word' id='word_1_206' title='bbox 966 3110 1056 3179; x_wconf 88' lang='lat' dir='ltr'>visus</span> <span class='ocrx_word' id='word_1_207' title='bbox 1080 3117 1145 3182; x_wconf 87' lang='lat' dir='ltr'>estt</span> <span class='ocrx_word' id='word_1_208' title='bbox 1170 3117 1271 3195; x_wconf 80' lang='lat' dir='ltr'>Quam</span> 
     </span>
    </p>
   </div>
   <div class='ocr_carea' id='block_1_4' title="bbox 191 3226 1272 3429">
    <p class='ocr_par' dir='ltr' id='par_1_4' title="bbox 191 3226 1272 3429">
     <span class='ocr_line' id='line_1_27' title="bbox 192 3226 1272 3314; baseline 0.004 -21"><span class='ocrx_word' id='word_1_209' title='bbox 192 3228 283 3294; x_wconf 88' lang='lat' dir='ltr'>multi</span> <span class='ocrx_word' id='word_1_210' title='bbox 300 3229 436 3314; x_wconf 82' lang='lat' dir='ltr'>juvenes</span> <span class='ocrx_word' id='word_1_211' title='bbox 457 3228 526 3314; x_wconf 86' lang='lat' dir='ltr'>ejus</span> <span class='ocrx_word' id='word_1_212' title='bbox 551 3246 642 3314; x_wconf 87' lang='lat' dir='ltr'>spem</span> <span class='ocrx_word' id='word_1_213' title='bbox 666 3226 867 3294; x_wconf 74' lang='lat' dir='ltr'>fefellerunt!</span> <span class='ocrx_word' id='word_1_214' title='bbox 896 3227 1113 3296; x_wconf 91' lang='lat' dir='ltr'>Theramenes</span> <span class='ocrx_word' id='word_1_215' title='bbox 1138 3229 1272 3298; x_wconf 91' lang='lat' dir='ltr'>modes-</span> 
     </span>
     <span class='ocr_line' id='line_1_28' title="bbox 191 3338 1271 3429; baseline 0.001 -20"><span class='ocrx_word' id='word_1_216' title='bbox 191 3347 258 3409; x_wconf 84' lang='lat' dir='ltr'>tam</span> <span class='ocrx_word' id='word_1_217' title='bbox 269 3339 399 3427; x_wconf 86' lang='lat' dir='ltr'>quidem</span> <span class='ocrx_word' id='word_1_218' title='bbox 410 3338 548 3407; x_wconf 83' lang='lat' dir='ltr'>civitatis</span> <span class='ocrx_word' id='word_1_219' title='bbox 565 3338 719 3425; x_wconf 85' lang='lat' dir='ltr'>regendae</span> <span class='ocrx_word' id='word_1_220' title='bbox 733 3338 869 3406; x_wconf 86' lang='lat' dir='ltr'>lormam</span> <span class='ocrx_word' id='word_1_221' title='bbox 888 3340 1051 3426; x_wconf 89' lang='lat' dir='ltr'>optavisse</span> <span class='ocrx_word' id='word_1_222' title='bbox 1063 3342 1271 3429; x_wconf 87' lang='lat' dir='ltr'>perhibetur;</span> 
     </span>
    </p>
   </div>
   <div class='ocr_carea' id='block_1_5' title="bbox 194 3776 1275 3937">
    <p class='ocr_par' dir='ltr' id='par_1_5' title="bbox 194 3776 1275 3937">
     <span class='ocr_line' id='line_1_29' title="bbox 230 3776 1275 3847; baseline 0.005 -16"><span class='ocrx_word' id='word_1_223' title='bbox 230 3776 238 3806; x_wconf 89' lang='lat'>¹</span> <span class='ocrx_word' id='word_1_224' title='bbox 255 3777 382 3847; x_wconf 88' lang='lat' dir='ltr'>llenoph.,</span> <span class='ocrx_word' id='word_1_225' title='bbox 399 3776 498 3840; x_wconf 70' lang='lat' dir='ltr'>(Ecca,</span> <span class='ocrx_word' id='word_1_226' title='bbox 516 3794 538 3833; x_wconf 89' lang='lat' dir='ltr'>e.</span> <span class='ocrx_word' id='word_1_227' title='bbox 555 3779 616 3834; x_wconf 86' lang='lat' dir='ltr'>l.=</span> <span class='ocrx_word' id='word_1_228' title='bbox 629 3781 642 3818; x_wconf 77' lang='lat'>²</span> <span class='ocrx_word' id='word_1_229' title='bbox 657 3779 704 3836; x_wconf 76' lang='lat' dir='ltr'>ul„</span> <span class='ocrx_word' id='word_1_230' title='bbox 743 3779 815 3844; x_wconf 61' lang='lat' dir='ltr'>ibid„</span> <span class='ocrx_word' id='word_1_231' title='bbox 832 3796 854 3835; x_wconf 90' lang='lat' dir='ltr'>r.</span> <span class='ocrx_word' id='word_1_232' title='bbox 871 3780 896 3836; x_wconf 74' lang='lat' dir='ltr'>b.</span> <span class='ocrx_word' id='word_1_233' title='bbox 912 3781 962 3819; x_wconf 83' lang='lat'>==⁸</span> <span class='ocrx_word' id='word_1_234' title='bbox 984 3782 1032 3843; x_wconf 82' lang='lat' dir='ltr'>ld..</span> <span class='ocrx_word' id='word_1_235' title='bbox 1071 3782 1121 3837; x_wconf 89' lang='lat' dir='ltr'>ibid</span> <span class='ocrx_word' id='word_1_236' title='bbox 1139 3826 1144 3847; x_wconf 87' lang='lat'>,</span> <span class='ocrx_word' id='word_1_237' title='bbox 1160 3801 1181 3838; x_wconf 84' lang='lat' dir='ltr'>c.</span> <span class='ocrx_word' id='word_1_238' title='bbox 1200 3783 1275 3838; x_wconf 81' lang='lat' dir='ltr'>dsub</span> 
     </span>
     <span class='ocr_line' id='line_1_30' title="bbox 194 3864 378 3937; baseline 0 -18"><span class='ocrx_word' id='word_1_239' title='bbox 194 3864 269 3919; x_wconf 84' lang='lat' dir='ltr'>tinem</span> <span class='ocrx_word' id='word_1_240' title='bbox 285 3872 309 3919; x_wconf 88' lang='lat' dir='ltr'>et</span> <span class='ocrx_word' id='word_1_241' title='bbox 324 3881 378 3937; x_wconf 85' lang='lat' dir='ltr'>sqq.</span> 
     </span>
    </p>
   </div>
   <div class='ocr_carea' id='block_1_6' title="bbox 0 0 1364 4508">
    <p class='ocr_par' dir='ltr' id='par_1_6' title="bbox 0 0 1364 4508">
     <span class='ocr_line' id='line_1_31' title="bbox 0 0 1364 4508; baseline 0 0"><span class='ocrx_word' id='word_1_242' title='bbox 0 0 1364 4508; x_wconf 95' lang='lat' dir='ltr'> </span> 
     </span>
    </p>
   </div>
  </div>
 </body>
</html>
