2684 4508
604 243 629 250 ...
651 210 736 263 32,

174 414 298 490 Quanta
315 407 416 494 pestis
436 426 476 472 ex
496 405 549 473 illu
570 407 692 472 semine
704 416 816 472 exorta
830 404 883 481 sit,
900 402 985 491 quod
1001 403 1213 492 exstinguere

128 521 280 590 studebat
297 519 540 607 Aristophanes,
563 519 762 586 clarissimus
783 518 867 584 iuter
886 516 1011 583 Atticos
1032 524 1146 584 orator
1170 515 1212 583 ita

128 634 241 703 vividis
253 631 416 700 coloribus
427 631 588 720 exprimit,
601 637 637 699 ut
651 630 812 698 funestam
827 628 912 696 hanc
924 628 1110 696 delatorum
1124 629 1213 696 ima-

127 749 237 835 ginem
251 745 388 834 legentis
397 745 505 813 animo
515 743 615 813 semel
626 747 816 832 impressam
828 742 928 810 deleri
939 761 1037 831 posse
1049 763 1117 811 non
1127 741 1214 811 arhi-

128 868 204 930 trer.
224 859 315 941 Quod
330 858 465 926 ridendo
478 858 711 927 comederam
724 858 879 946 scriptor,
896 855 1069 925 irascendo
1085 861 1213 926 Demo-

127 973 258 1042 sthenes
279 979 312 1040 ot
326 971 535 1060 indignando,
562 971 688 1039 diuinas
707 971 929 1058 humanasque
953 970 1044 1058 leges
1058 972 1212 1039 testando

126 1086 285 1174 exagitat3
314 1092 346 1153 et
364 1085 511 1174 quamvis
524 1082 652 1151 dicendi
666 1103 788 1170 genere
799 1088 970 1170 tantopere
984 1082 1070 1150 inter
1085 1102 1120 1150 se
1143 1083 1213 1151 dil-

126 1197 246 1276 serant,
263 1200 380 1266 mirum
397 1200 429 1266 in
451 1198 582 1266 modum
596 1197 637 1264 de
654 1197 751 1264 rebus
766 1196 845 1285 ipsis
858 1196 1081 1264 consentiunt.
1096 1200 1212 1266 Nonne

125 1311 210 1379 enim
221 1311 475 1400 Aristophaneus
492 1311 568 1379 Cleo
581 1313 649 1398 jam
666 1330 702 1377 se
719 1308 829 1398 populi
850 1329 964 1377 canem
988 1307 1163 1397 praedicat,
1180 1319 1211 1379 et

125 1424 198 1492 lidel
214 1445 253 1492 ac
267 1423 443 1512 vigilantiae
456 1425 623 1512 egregiam
635 1423 778 1511 speeiem
788 1421 1005 1490 delationibus
1014 1423 1083 1491 suis
1097 1423 1211 1493 obten-

125 1538 197 1606 dira
223 1536 502 1619 Quemadmodum
528 1544 635 1604 autem
663 1538 696 1603 in
724 1539 818 1603 Plato
842 1536 1044 1625 sycophanta
1078 1558 1115 1606 se
1145 1559 1207 1606 non

125 1650 207 1719 adeo
221 1649 363 1718 insanire
377 1647 536 1727 declarat,
558 1656 593 1717 ut
604 1668 702 1737 agros
714 1649 837 1716 arando
852 1646 901 1717 rel
917 1648 1090 1720 honestam
1105 1657 1208 1720 artem

124 1764 260 1833 colendo
269 1763 632 1853 rictumquaeritet¹,ita
640 1763 876 1832 Demosthenes
885 1765 1122 1853 sycophantam
1130 1766 1208 1835 uulli

124 1877 221 1944 honae
237 1876 282 1943 rei
296 1876 498 1954 studentem,
515 1874 574 1942 sed
597 1875 683 1941 circa
706 1874 811 1942 lorum
832 1881 866 1942 et
886 1877 1071 1954 tribunalia,
1091 1878 1208 1966 vipera

125 1991 226 2058 instar
246 1988 295 2058 vel
320 1990 454 2078 scorpii,
478 1997 587 2056 erecto
611 1987 739 2066 aculeo,
768 1995 950 2078 reptantem
974 1989 1206 2080 salientemque

124 2103 310 2192 depingit²;
339 2108 373 2172 ut
396 2122 455 2169 nos
481 2101 574 2170 simul
600 2104 716 2170 Attica
746 2102 885 2170 civitatis
913 2103 1127 2173 misereamur
1157 2107 1204 2173 is-

123 2215 275 2285 tiusmodi
302 2216 353 2283 lue
373 2215 561 2294 labetactae,
587 2222 620 2283 et
642 2216 674 2282 in
694 2215 911 2302 sycophantas
938 2216 985 2283 ira
1011 2217 1200 2295 ardeamus,

124 2349 220 2418 quam
246 2329 295 2397 vol
321 2329 391 2416 ipse
417 2335 623 2416 conlemptus
646 2328 729 2396 male
751 2329 894 2416 mitiget,
930 2336 963 2396 et
988 2330 1094 2399 bonos
1119 2332 1203 2399 cives

125 2462 234 2510 amore
259 2463 506 2531 prosequamur,
535 2443 588 2532 qui
615 2443 825 2531 optimatibus
854 2441 904 2509 rel
930 2441 1016 2531 plehi
1046 2444 1199 2518 faventes,

126 2554 211 2621 lenas
230 2555 308 2622 istas
322 2553 449 2642 sagittis
467 2554 568 2641 ligere
582 2560 799 2621 tentaverunt.

170 2709 275 2786 Quum
287 2707 395 2769 autem
410 2700 441 2768 id
456 2700 612 2767 universis
625 2699 834 2788 sycophantis
846 2718 1018 2767 commune
1033 2701 1086 2779 sit,
1104 2702 1203 2770 atde

126 2817 235 2888 lationi
250 2816 448 2904 praecipuam
470 2835 602 2903 operam
625 2813 833 2902 impendant,
850 2813 937 2879 varia
953 2819 1064 2881 tamen
1078 2814 1202 2883 illorum

125 2951 246 3022 genera
264 2929 424 2998 exstitisse
441 2929 618 3015 comperio.
642 2931 723 2994 Sunt
737 2926 823 2994 euim
842 2927 970 3014 quitali
989 2933 1060 2995 arte
1085 2949 1151 2997 uon
1164 2927 1201 2996 ad

125 3043 297 3114 vivendum
317 3047 464 3118 utantur,
487 3038 544 3107 sed
567 3046 602 3105 ut
621 3057 782 3106 summum
801 3038 964 3127 attingant
986 3041 1143 3126 potentiae
1166 3059 1201 3106 ac

125 3156 289 3247 popularis
301 3154 418 3245 gratiae
436 3152 614 3239 fastigium.
631 3149 797 3218 Placidum
816 3150 947 3239 quidem
967 3151 1158 3242 inquilinum
1171 3158 1201 3220 et

125 3270 221 3339 httici
227 3270 309 3357 juris
321 3267 469 3343 inscium,
479 3263 671 3332 exercendae.
683 3263 845 3332 sacundiae
855 3270 889 3331 et
898 3264 1082 3334 calliditatis
1091 3287 1199 3343 causa,

124 3383 265 3474 primum
275 3378 525 3468 aggrediuntur3
542 3397 616 3443 mox
630 3383 737 3443 autem
752 3376 874 3443 Niciam
887 3378 1066 3456 terrebunt,
1083 3379 1200 3466 Thucy·

128 3661 372 3679 --“-

160 3884 168 3914 ¹
189 3882 324 3952 Aristoph„
343 3879 424 3945 Prot,
442 3895 465 3932 v.
480 3877 544 3933 903.
566 3890 595 3912 =
622 3877 787 3933 ²nemosrn..
801 3876 860 3934 adv.
875 3878 1023 3950 Aristogit,
1036 3896 1058 3936 c.
1071 3879 1161 3935 5l-52.
