2684 4508
519 248 552 259 -
571 221 619 273 llll
646 254 667 259 -

56 421 189 505 poterat
198 421 232 483 ut
245 435 345 508 rrovos
357 414 428 482 illos
438 414 619 482 animorum
633 420 751 491 motus,
764 433 879 480 novam
895 413 980 479 illam
994 413 1140 481 discendi

57 551 98 597 ac
112 528 298 617 disputandi
314 527 499 616 cupidinem
513 526 656 594 nonnulli
672 525 828 606 levarent,
846 533 927 594 61611
941 532 990 595 tot
1003 526 1143 597 11116611-

57 641 258 732 gationibus
274 644 428 730 tantoque
449 640 682 708 sententiarum
702 647 735 708 61
748 641 936 728 opinionum
951 639 1139 718 certamine,

58 756 172 825 utilem
188 754 338 822 omnihus
357 753 634 842 certissimamque
650 752 831 821 doctrinam
860 753 1025 820 elicerent.
1051 751 1143 833 Quod

58 867 191 957 quidem
213 866 257 934 illi
277 872 494 947 tentaverunt,
520 866 573 953 qui
597 867 724 934 sincero
742 866 850 935 animo
867 865 1022 934 altissima
1037 885 1144 933 rerum

59 980 220 1069 principia
233 981 370 1048 serutari
389 1000 452 1047 non
465 979 629 1058 destitere,
646 981 688 1049 ob
702 999 838 1068 eamque
853 999 983 1047 causam
995 978 1145 1066 philoso-

60 1095 199 1182 phorum
214 1112 331 1161 nomen
346 1093 443 1161 etiam
458 1093 543 1181 apud
556 1100 704 1182 posteros
717 1094 875 1162 obtinent.

104 1232 286 1320 optimates
297 1252 374 1300 vero
387 1252 426 1300 ea
438 1232 479 1301 de
493 1253 529 1300 re
542 1254 607 1302 non
619 1234 704 1301 idem
715 1254 828 1301 omnes
841 1237 1023 1301 senserunt.
1041 1236 1146 1299 Fuere

59 1347 150 1416 enim
165 1346 219 1434 qui
233 1345 361 1434 imperii
374 1345 527 1434 cupidine
536 1347 675 1426 accensi,
689 1348 906 1435 sophistarum
922 1346 994 1414 ideo
1009 1344 1148 1412 adierint

60 1460 203 1538 scholas,
221 1459 345 1528 utinde
358 1480 466 1529 rerum
480 1462 716 1550 uerborumque
737 1461 829 1550 copia
855 1460 1003 1529 instructi
1030 1459 1062 1526 in
1081 1478 1148 1545 pu-

59 1573 147 1643 blica
167 1573 345 1642 certamina
376 1573 560 1660 prodirent;
587 1593 749 1662 quumque
772 1573 901 1641 dicendi
927 1574 958 1641 ri
979 1579 1012 1641 61
1031 1572 1148 1641 eximia

59 1688 235 1779 prudentia
249 1687 485 1781 multitudinem
499 1686 560 1755 sibi
575 1686 747 1754 conciliare
762 1707 826 1754 non
840 1687 1032 1774 potuissent,
1049 1691 1150 1755 161116-

60 1804 182 1874 rariam
207 1805 293 1873 illam
315 1811 348 1873 61
372 1804 486 1874 rudem
508 1804 624 1872 htticae
639 1802 743 1892 plebis
764 1803 890 1871 turham
914 1823 1039 1871 summo
1064 1822 1149 1870 con-

59 1917 202 2008 temptui
221 1923 253 1986 et
272 1917 346 1995 odio
370 1917 492 1986 hahere
513 1916 697 2004 coeperint:
720 1915 804 1984 hano
825 1915 908 1984 viam
932 1914 1150 1984 Rhamnusius

60 2030 231 2119 Antiphon
246 2035 377 2099 secutus
392 2036 452 2108 est,
471 2034 503 2097 61
516 2029 707 2098 saevissimae
725 2029 917 2117 optimatum
933 2027 1064 2096 lactioni
1077 2046 1150 2095 6666

61 2144 223 2234 adjunxit.
237 2143 299 2212 hlii
313 2143 463 2232 antiquos
477 2163 586 2212 mores
600 2164 639 2211 66
653 2163 770 2213 sensus
783 2142 946 2212 obstinato
959 2142 1066 2209 animo
1085 2140 1151 2208 de-

61 2256 247 2337 fendentes,
278 2255 520 2345 philosophicas
551 2256 621 2324 illas
648 2255 891 2343 rhetoricosque
915 2254 1152 2342 disputationes

61 2371 302 2441 funestissimas
326 2369 446 2438 civitati
465 2376 574 2458 pestes
598 2389 671 2438 esse
688 2367 934 2458 judicaverunt,
968 2376 1002 2437 61
1030 2388 1151 2457 quam-

21 2539 25 2545 .
61 2485 206 2575 primum
220 2482 483 2573 exstinguendas.

110 2627 179 2691 lloc
198 2622 431 2710 Aristophanes
456 2628 490 2690 et
512 2628 604 2690 vetus
621 2624 726 2690 omnis
749 2622 909 2691 comoedia
934 2621 1066 2704 recinit;
1088 2620 1152 2688 hoc

63 2756 222 2805 novamm
241 2736 442 2825 argutiarum
462 2735 537 2803 odio
553 2736 681 2803 accensi
697 2742 804 2824 poetae
818 2736 963 2824 quisquis
981 2734 1151 2823 sophista-

63 2870 149 2928 rum,
168 2849 345 2928 rhetnrum,
371 2849 621 2937 physicorumve
635 2849 831 2918 commercio
848 2869 922 2916 sese
935 2848 1022 2916 inlici
1034 2866 1153 2935 passus

63 2975 127 3047 661,
145 2988 219 3037 611111
236 2967 303 3035 6116
322 2968 512 3055 popularem
522 2965 707 3054 reipublicae
717 2969 837 3034 statum
852 2965 969 3042 161661,
986 2964 1054 3032 6116
1068 2962 1153 3051 opti-

62 3079 206 3148 matibus
218 3079 479 3147 adnumerandus
492 3079 544 3157 sit,
557 3078 716 3147 acerrime
728 3079 939 3146 insectantur.
959 3080 1047 3163 Ergo
1065 3075 1152 3144 inter

63 3191 214 3258 homines
234 3190 344 3279 quide
367 3191 464 3274 rebus
485 3189 625 3278 puhlicis
648 3190 742 3259 facile
769 3190 974 3259 consentiant
997 3209 1149 3277 asperum

64 3312 231 3374 certamen
264 3306 418 3385 exoritur,
443 3326 542 3394 quum
566 3306 619 3375 alii
646 3326 747 3375 novos
770 3325 877 3374 mores
900 3323 939 3372 ac
961 3325 1076 3374 sensus
1099 3307 1149 3374 161
1191 3307 1193 3311 ’

62 3416 267 3496 1611616161
286 3417 560 3520 privatautilitate
583 3418 683 3496 ducti,
710 3417 861 3506 amplecti
888 3416 1067 3506 gaudeant;
1096 3417 1164 3485 alii-

62 3532 223 3620 optimum
237 3551 277 3601 ac
290 3532 505 3600 certissimum
518 3532 659 3621 quidque
673 3551 713 3599 ex
732 3531 783 3599 his
796 3531 887 3599 novis
901 3531 1022 3620 eligere
1035 3531 1145 3610 velint,

63 3644 118 3714 alii
132 3650 242 3713 autom
257 3645 379 3732 patrios
392 3643 483 3723 ritus,
499 3644 603 3732 patria
618 3645 776 3722 instituta,
794 3643 931 3732 patriam
944 3643 1096 3711 virtutem
1109 3662 1150 3709 66

64 3755 304 3843 simplicitatem
324 3754 499 3824 defendere
527 3761 747 3844 perseverent.
774 3758 838 3822 Cur
867 3755 1015 3842 antiquos
1040 3774 1149 3823 mores

64 3869 203 3937 tuendos
227 3868 388 3937 comoedia
410 3870 587 3956 susceperit
606 3869 739 3937 ulterius
756 3867 934 3955 disquirere
954 3868 1146 3950 statuimus;
