2684 4508
374 719 564 815 CAPUT
600 719 858 815 SEXTUM.

495 1054 541 1106 DE
572 1054 740 1107 sachunu.

592 1211 633 1223 U·-

73 1334 96 1424 §
115 1329 149 1402 l.
170 1371 215 1384 -
234 1329 304 1404 Cur
323 1352 399 1403 enm
419 1352 495 1402 enm
511 1329 671 1426 sophistis
689 1330 865 1403 misouerit
890 1329 1153 1426 Aristophanes.

117 1582 199 1662 Quae
211 1579 330 1648 luerint
344 1579 468 1648 Soerati
478 1579 555 1648 vitae
565 1576 724 1668 prinoipia
738 1577 810 1667 quis
824 1577 977 1666 ignorat‘l
994 1577 1107 1645 Nonne
1121 1577 1154 1645 in

71 1693 222 1781 plurimis
238 1694 450 1783 scriptoribus
464 1692 602 1783 legimus
620 1715 694 1764 eum
716 1694 1030 1786 quampotissimum
1051 1700 1154 1762 artem

71 1804 196 1875 toleret
218 1806 322 1895 primo
350 1805 538 1885 dubitasse,
568 1806 706 1886 deinde,
736 1813 905 1898 postquam
928 1810 1154 1897 Anaxagoram

70 1918 303 2008 philosophum
315 1918 543 2008 rhetiarumque
557 1923 736 1988 Damonem
759 1920 924 1999 audiisset,
949 1941 988 1989 ea
1006 1941 1080 2010 quae
1098 1920 1155 1989 hu·

70 2052 169 2100 mano
184 2032 297 2121 generi
313 2031 481 2101 utilissima
499 2039 629 2122 putaret
647 2034 784 2104 serutari
802 2034 941 2124 eoepisse
959 2059 966 2103 :
987 2035 1154 2103 hominum

70 2144 197 2215 soilieet
215 2151 375 2226 naturam,
394 2151 482 2215 reete
504 2146 632 2215 vivendi
650 2147 756 2236 leges,
777 2167 817 2216 ao
836 2147 991 2236 regendae
1015 2148 1154 2217 civitatis

70 2260 274 2329 rationemt¹
292 2261 347 2329 His
372 2260 524 2330 nonnulla
546 2260 587 2329 de
602 2265 669 2330 Deo
691 2266 723 2329 et
750 2260 857 2330 divina
873 2261 1075 2351 providentia
1090 2262 1156 2330 ad-

69 2371 162 2450 didit,
180 2371 298 2461 quibus
311 2370 451 2441 humana
466 2378 581 2440 natura
595 2378 628 2441 et
640 2373 781 2442 humana
791 2374 896 2442 officia
915 2374 1030 2443 melius
1043 2395 1159 2465 nosee-¹

69 2485 219 2568 rentur²;
233 2490 266 2553 at
279 2484 319 2553 de
335 2485 433 2555 rebus
447 2485 600 2566 externis
613 2486 655 2555 de
667 2487 750 2556 ooelo
765 2493 904 2556 aeterra
918 2489 1154 2579 disputationes

68 2596 183 2686 proeul
209 2595 361 2666 amovit³.
392 2601 497 2680 Quum
518 2604 694 2689 paupertas
717 2599 776 2681 illi,
794 2602 945 2691 adempta
961 2604 1109 2673 libertate
1122 2610 1155 2673 et

68 2711 148 2793 otio,
164 2731 318 2801 magnum
333 2711 600 2801 impedimentum
614 2715 731 2782 afferre
753 2722 874 2804 posset,
893 2717 1044 2787 omnibus
1056 2717 1154 2786 rebus

70 2826 165 2895 laetus
179 2845 290 2894 earere
313 2825 437 2906 didieit,
459 2826 509 2895 vel
522 2826 636 2895 saltem
652 2828 736 2896 intra
756 2831 939 2898 necessaria
957 2851 1030 2900 sese
1044 2831 1155 2900 eonti-

69 2936 180 3007 nere⁴.
195 2938 278 3008 Nulli
291 2939 390 3029 igitur
403 2938 504 3009 labori
520 2940 560 3009 ad
582 2940 703 3010 vietum
732 2942 912 3032 parandum
930 2950 1060 3034 tempus
1085 2946 1153 3013 im-

72 3155 141 3164 —..
219 3153 310 3162 .-—-.-

105 3288 115 3317 ¹
135 3287 208 3359 Diog.
220 3287 316 3356 laert„
328 3289 357 3343 L.
373 3289 404 3356 ll,
420 3288 446 3344 in
458 3289 671 3347 socrat-Suid.
683 3291 708 3346 in
718 3307 778 3346 voce
789 3290 965 3357 soen—Cic„
977 3291 1071 3359 head„
1085 3293 1107 3359 1,
1124 3295 1150 3350 t.

66 3405 103 3416 -
116 3375 203 3443 Tuae,
215 3393 241 3434 v.
256 3379 319 3436 3.-
333 3377 449 3444 Aristot,
463 3377 617 3451 Metophps„
631 3379 660 3436 L.
675 3380 695 3444 l,
712 3396 734 3435 c.
751 3380 777 3434 6.
788 3382 841 3418 ²²
860 3381 985 3451 Xenopb„
1001 3379 1150 3447 Memorat„

67 3465 87 3532 l,
104 3467 131 3533 t,
147 3466 188 3533 IV,
204 3467 231 3522 t.
246 3495 282 3509 -
295 3467 419 3535 hristot.‚
435 3467 595 3541 Metropolim„
611 3469 659 3525 loe.
677 3469 720 3525 oit.
730 3487 759 3508 =
776 3470 786 3498 ¹
807 3470 871 3534 Cio„
885 3469 981 3536 Aeod„
994 3470 1043 3527 loe.
1058 3470 1102 3525 cit.
1118 3496 1150 3517 =

67 3563 78 3593 ⁴
94 3563 161 3630 cie..
179 3564 265 3631 theo,
280 3583 305 3623 v.
321 3564 366 3622 32.
382 3596 412 3607 -
437 3566 562 3637 Xenopb,
580 3565 681 3632 (Eoum,
704 3583 727 3623 c.
749 3567 780 3629 ll.
796 3575 821 3623 et
839 3567 996 3634 Memorat,
1013 3568 1042 3624 L.
1057 3567 1078 3631 l,
1094 3583 1117 3622 e.
1133 3568 1151 3622 6

66 3650 126 3723 (ubi
140 3650 256 3708 Socrates
268 3651 412 3725 Antiphonti
428 3653 582 3710 demonstrat
597 3654 744 3721 doctrinam,
763 3663 791 3710 ut
805 3672 927 3722 amorem,
943 3654 1078 3727 gratuitam
1093 3669 1151 3708 esse

67 3741 180 3797 debere:
197 3741 320 3813 Antiphon
338 3758 395 3797 vero
410 3741 446 3797 illi
461 3742 594 3813 exprobrat
609 3742 674 3815 quod
689 3742 762 3798 nudis
776 3743 881 3814 podibus
893 3744 970 3807 vivat.
986 3752 1012 3797 et
1025 3741 1150 3798 vilissimo

66 3831 140 3902 pallio
156 3830 336 3904 vilissimisque
350 3830 477 3887 alimentis
491 3832 597 3902 utetur).
