2684 4508
546 194 687 250 -33-

78 394 145 459 lum
160 392 319 481 redigitur
330 405 353 457 ¹.
383 392 535 472 Quamvis
549 400 657 460 lamen
675 393 825 462 nobilitas
841 411 991 480 magnam
1007 390 1070 458 vim
1095 390 1159 457 ha-

77 507 158 573 bore
173 504 324 594 Sophocli
340 504 513 584 videretur,
530 506 657 595 etipse,
672 506 698 574 si
713 506 814 574 Plinio
828 505 1001 584 credimus,
1015 506 1160 594 principe

78 619 151 686 loco
167 625 262 685 natus
274 617 430 696 esset²,in
445 617 654 707 optimatibus
668 617 881 686 defendendis
894 639 1053 709 nusquam
1066 620 1160 688 valde

78 729 249 799 laboravit.
278 729 341 798 Sed
356 750 413 797 cur
427 732 496 818 eius
511 731 687 816 Antiponcn
701 729 853 818 praetoria
873 730 1031 818 dignitato
1046 751 1161 799 remu-

80 844 185 913 nerati
214 843 279 911 sint
304 843 518 913 Athenienses
545 843 663 913 eruditi
688 844 897 933 qnaesivore³‚
919 865 979 914 nec
1001 847 1161 915 immerito

79 960 379 1030 animadverterunt
393 962 424 1028 in
453 962 515 1030 hac
542 961 650 1031 sabula
665 963 875 1050 magistratus
889 983 928 1031 ac
951 963 1030 1031 civis
1057 963 1161 1032 officio
1267 986 1270 990 “

78 1074 224 1164 egregiis
233 1073 381 1143 versibus
391 1072 543 1143 describi.
560 1102 573 1136 l
588 1074 738 1165 Quisquis
752 1074 874 1143 civitati
889 1080 1010 1164 praeest
1024 1075 1162 1164 patriam

80 1193 158 1255 anto
173 1187 280 1254 omnia
296 1206 418 1275 ponere
430 1186 545 1266 debet,
571 1209 632 1257 nac
646 1191 836 1276 cuiusquam
850 1193 939 1256 metu
966 1186 1160 1267 deterritus,

80 1300 209 1369 cunctis
222 1299 312 1367 utilia
326 1304 453 1381 tacere;
471 1299 559 1368 salva
572 1300 658 1368 enim
672 1301 792 1388 patria,
810 1301 927 1388 singuli
941 1321 1069 1390 quoque
1084 1300 1163 1369 solvi

80 1418 175 1485 liunt.
191 1417 335 1486 Ducibus
349 1423 457 1486 antem
472 1416 610 1506 populus
625 1423 754 1507 pareat,
774 1439 848 1487 nom
863 1421 1018 1487 effrenata
1034 1419 1161 1488 licentia
1258 1491 1264 1520 r

82 1527 170 1596 nulla
185 1528 342 1597 funestior
351 1529 452 1617 pestis
464 1541 486 1596 ⁴.
501 1556 513 1589 r
531 1532 611 1597 Haec
623 1531 767 1619 tragicus
782 1530 868 1620 apud
880 1531 1072 1620 Sophoclem
1082 1536 1164 1601 Creo

82 1642 259 1732 praedicat,
289 1643 363 1712 haec
390 1643 567 1732 Sophocles
582 1644 652 1732 ipse
667 1645 776 1712 sentit.
799 1648 903 1726 Quum
917 1651 1027 1712 tamen
1049 1644 1162 1714 addit:

87 1789 101 1821 α
130 1759 274 1830 Civitatis
289 1761 421 1849 praesidi
438 1762 617 1850 parendum
632 1763 698 1830 sive
723 1783 860 1853 magna,
880 1764 946 1846 sire
961 1784 1080 1852 parva,
1099 1764 1167 1832 sive

82 1876 202 1965 injusta
227 1876 362 1966 iubeat-⁶
381 1901 422 1952 ι,
451 1877 518 1962 jam
549 1894 612 1941 non
648 1875 866 1963 Sophoclem,
907 1875 963 1944 sed
994 1879 1166 1945 Creontem

83 1989 190 2057 solum
216 1989 329 2072 andio;
365 1988 469 2056 omnis
489 2007 607 2077 nempe
633 1987 740 2055 fabula
757 1993 967 2074 tyrannorum
989 1988 1114 2078 iniuriis
1135 1994 1168 2059 ct

82 2107 287 2198 impotentiae
301 2107 466 2175 reclamat.
484 2107 543 2174 Hic
556 2106 666 2194 igitur,
685 2106 770 2173 utin
792 2108 1035 2185 Eumenldlbus,
1063 2106 1167 2176 liber-

84 2204 163 2289 tatis
189 2222 302 2288 effusae
322 2225 354 2287 et
379 2220 573 2307 imporlnnae
600 2219 828 2287 dominationis
846 2218 1047 2288 incommodo
1074 2220 1168 2289 desi-

84 2338 167 2422 gnat
195 2341 228 2401 ct
251 2333 455 2402 abominatur
479 2336 596 2420 poeta3
621 2330 675 2399 hic
707 2331 804 2398 etiam
836 2330 1017 2400 divinarum
1043 2333 1164 2421 legum,

85 2444 238 2513 humanis
251 2444 377 2536 legibus
391 2443 605 2531 superiorum,
622 2447 745 2511 aeterna
759 2442 941 2511 celebratur
958 2443 1164 2512 auctoritem.

133 2584 196 2653 Sed
215 2588 305 2651 tanta
327 2581 456 2649 solertia
472 2580 649 2668 Sophocles
666 2602 735 2649 rem
750 2583 956 2671 temperavit,
975 2588 1010 2651 ut
1031 2583 1168 2672 sapien-

85 2701 175 2769 tibus
207 2699 374 2786 utriusquc
409 2696 557 2765 factionis
592 2697 670 2764 viris
699 2696 862 2786 placeret,
906 2703 1053 2766 neutram
1091 2718 1168 2767 voro

87 2812 224 2902 aggredi
240 2809 416 2879 videretur.
435 2812 557 2878 ductor
569 2814 619 2877 est
637 2809 812 2879 Suvernius
832 2809 864 2878 id
888 2811 994 2899 ipsum
1014 2812 1075 2880 sibi
1094 2831 1169 2900 poe
1252 2900 1255 2907 Ι

87 2931 157 2994 tom
171 2923 398 3013 proposuisse,
425 2928 460 2990 nt
475 2922 693 2990 reconciliatae
708 2921 792 2990 inter
806 2941 841 2991 se
853 2928 963 3012 partos
976 2923 1090 2991 Pericli
1112 2928 1170 2990 to-

87 3044 141 3105 tas
153 3057 189 3105 se
199 3036 427 3125 subjicerent⁷.
445 3039 480 3102 ln
492 3035 640 3104 versibus
653 3033 784 3123 quidem
796 3055 877 3123 quos
889 3034 1004 3103 doctus
1018 3035 1067 3102 vir
1080 3033 1171 3102 indi-

90 3155 145 3218 cnt
167 3148 355 3235 (doh-672)
390 3166 490 3215 unum
517 3146 741 3235 estssrvcrbum
761 3145 847 3234 quod
872 3167 889 3213 a
914 3145 1045 3235 proprio
1073 3140 1170 3215 sensu

47 3256 204 3331 'leviter
230 3261 417 3365 detortum
434 3259 548 3328 Pericli
572 3259 766 3329 conveniat:
796 3259 849 3326 ille
876 3258 982 3337 enim,
1014 3264 1048 3326 ut
1073 3257 1172 3328 refert

84 3458 333 3478 ,......................

130 3622 137 3654 ¹
159 3616 245 3685 Soplr..
260 3615 304 3670 cit.
320 3632 335 3670 a
349 3615 427 3678 Plut..
443 3615 470 3671 in
483 3614 605 3681 Peracta,
626 3631 648 3669 c.
661 3614 704 3670 lb.
719 3616 764 3675 =‘²
779 3613 857 3681 Plio,
872 3613 902 3670 L.
918 3611 1042 3678 llllllllll,
1056 3626 1080 3666 c.
1096 3603 1175 3664 ils:

92 3705 103 3732 ⁸
119 3702 247 3774 ¹tristoph.
261 3718 379 3774 gramm„
395 3703 504 3775 Argum.
516 3702 607 3770 Antio.
621 3718 650 3741 =
667 3704 677 3732 ⁴
693 3701 782 3773 Soplr..
796 3701 824 3757 in
836 3701 938 3773 Antip..
954 3718 980 3757 v.
997 3698 1127 3759 rra-190.
1144 3724 1176 3745 a

93 3776 208 3862 6ευριπ,
224 3790 296 3854 rna..
312 3808 338 3845 v.
353 3789 479 3846 ooo-ooo.
499 3823 527 3845 =
548 3790 622 3854 ·n.,
637 3789 710 3857 nia,
730 3789 856 3845 acc-rar.
880 3805 908 3825 =
930 3787 1017 3842 rnna
1035 3788 1177 3860 niteamus

91 3878 125 3932 ab
141 3877 233 3932 Artand
248 3877 273 3931 in
288 3878 347 3948 gall.
363 3876 424 3946 ling.
442 3893 513 3932 conv.
531 3877 688 3947 prooemium.
1043 3904 1052 3921 κ

967 3970 983 4020 3
