2684 4508
549 237 690 294 -ss-
763 256 776 267 =·

77 429 164 518 quod
178 443 302 496 semum
313 430 381 517 jam
411 449 532 498 annum
559 431 633 500 belli
661 431 865 500 incommoda
886 432 1002 501 toleret
1016 444 1039 498 ¹.
1067 398 1157 502 Adde

78 543 165 632 quod
193 543 351 613 Diodorus
377 549 513 612 mortem
528 546 712 614 Artaxerxis
735 545 811 614 huie
834 541 919 615 anno
947 548 1079 617 ascribit
1094 569 1158 638 quo

79 657 296 746 principatum
309 659 394 726 inter
410 658 619 746 magistratus
633 658 772 728 obtinuit
786 659 962 728 Stratocles
974 661 999 727 ².
1028 659 1159 728 hristu-

80 771 198 860 phanis
211 778 319 840 autem
332 772 492 860 interpres
505 773 565 841 sub
578 771 792 860 Euthydemo,
812 793 907 862 quem
924 772 1084 842 Diodorus
1098 777 1159 841 Eu·
1257 814 1261 821 ι

80 884 228 973 thynium
257 890 370 961 venat,
405 885 619 952 thdrneuses
646 885 678 952 in
712 904 843 952 scenam
872 885 1036 955 inductam
1062 885 1160 955 fuisse

81 998 161 1067 dioit
177 1002 203 1079 3;
236 1003 378 1066 attamen
393 1018 492 1087 quum
507 997 689 1086 hujusmodi
705 998 837 1068 consilia
857 1000 957 1068 multo
971 1006 1047 1069 ante
1063 1020 1160 1089 quam
1261 1076 1264 1085 ¹

81 1112 293 1202 perficiantur
304 1110 450 1200 plurimis
465 1111 497 1177 in
510 1118 652 1180 mentem
664 1113 806 1191 veniant,
824 1118 913 1182 reete
927 1114 1056 1203 quidem
1075 1114 1161 1182 hris-

81 1229 253 1316 tophanes‚
268 1227 391 1296 oomioo
398 1229 471 1314 jure
480 1246 569 1304 usus,
583 1246 636 1294 res
644 1228 712 1314 jam
726 1234 893 1316 susceptas
906 1229 1007 1308 tinxit,
1030 1235 1062 1296 et
1075 1230 1163 1298 auxi·

84 1343 125 1411 lia
138 1347 321 1422 Persarum,
338 1361 401 1409 non
416 1346 452 1410 ut
474 1341 597 1408 ineerta
613 1341 709 1409 modo
722 1347 755 1410 et
768 1341 887 1421 inania,
902 1343 959 1411 sed
974 1349 1010 1411 ut
1034 1344 1162 1432 turpis-

84 1455 165 1522 sima
175 1453 329 1542 patientia
342 1452 479 1521 emenda
494 1454 617 1541 rejecit.
635 1457 779 1541 Longam
794 1473 872 1522 sane
882 1455 970 1542 regis
984 1454 1163 1525 absentiam

84 1565 400 1654 Aristophanensque
420 1565 545 1654 legatos
566 1564 690 1633 tamdiu
709 1571 898 1653 exspectare
921 1571 1051 1637 ooaotns
1071 1567 1164 1635 ride·-

84 1703 175 1765 mus;
201 1683 258 1752 sed
273 1703 370 1772 quum
388 1683 421 1750 in
438 1682 571 1750 historia
585 1681 820 1752 Callicratidam
836 1681 1017 1751 videbimus
1032 1704 1164 1752 eomes-

84 1797 186 1865 santis
209 1797 281 1886 Gyri
300 1797 380 1864 atria
405 1816 534 1864 servare
552 1797 688 1884 jussum,
714 1815 821 1863 nonne
838 1814 910 1863 oum
925 1814 963 1863 eo
976 1799 1163 1866 Graecorum

84 1909 243 1977 insaniam
262 1907 512 1996 indignabimur,
541 1927 622 1997 quos
647 1911 818 1975 Persarum
841 1907 936 1975 fastui
962 1911 1010 1975 tot
1032 1907 1164 1976 dissidia

84 2020 242 2089 obnoxios
255 2020 402 2089 faciunt?
426 2024 506 2102 Quae
518 2025 626 2089 autem
639 2019 689 2089 vir
700 2040 776 2089 vere
790 2023 924 2089 Graecus
939 2041 1013 2088 mox
1026 2020 1165 2109 profite-

84 2133 184 2212 bitur,
206 2153 241 2201 se
258 2133 381 2201 seilicet
402 2133 545 2201 Athenas
560 2153 599 2200 ao
612 2136 760 2221 Spartam
775 2132 859 2199 inter
873 2152 908 2200 se
921 2132 1164 2201 oonoiliaturum

87 2267 129 2314 ne
155 2246 262 2314 Persis
285 2244 421 2333 amplius
448 2245 599 2320 serviant,
630 2265 668 2311 ea
695 2244 809 2333 lepidis
833 2243 949 2314 fabulis
971 2244 1166 2334 oomieisque

86 2360 208 2439 salibus
222 2358 363 2428 involuta
378 2363 488 2427 monet
501 2358 744 2447 Aristophanes.
1107 2401 1125 2437 .

131 2499 194 2567 Sed
221 2503 427 2568 externorum
450 2498 640 2567 auxiliorum
668 2499 754 2566 inani
783 2519 841 2588 spe
871 2498 1045 2576 exstincta,
1073 2496 1164 2565 multi

85 2612 193 2682 adhue
215 2613 287 2701 paui
311 2619 485 2701 supersunt
510 2611 696 2682 adversarii.
726 2615 797 2680 Non
822 2612 1044 2680 enimomnes
1070 2611 1165 2699 agri-

86 2728 169 2797 eeiae
197 2727 390 2816 Dioaeopolis
415 2727 607 2815 sapientiam
634 2727 799 2795 imitantur
828 2751 834 2794 :
864 2732 939 2794 sunt
965 2746 1045 2816 quos
1071 2746 1165 2814 pree-

87 2840 368 2910 lianditemeraria
393 2840 522 2928 eupido,
551 2845 584 2907 et
611 2839 940 2928 laudabilisquidem,·
956 2839 1013 2907 sed
1036 2839 1166 2927 impru-

87 2954 170 3022 dens
197 2953 312 3042 patriae
342 2973 433 3021 amor
469 2958 671 3021 transversos
694 2952 727 3030 in
753 2951 874 3022 bellum
904 2951 1019 3042 rapiat.
1065 2955 1166 3019 Senes

88 3087 207 3156 nempe
218 3067 454 3145 heharnenses
470 3067 523 3156 qui
540 3067 735 3136 Marathonis
749 3067 983 3157 Salaminisque
1004 3067 1167 3135 memine-

90 3185 175 3259 runt,
189 3181 230 3248 nil
245 3180 305 3249 nisi
317 3180 515 3249 Athenarum
526 3180 652 3249 laudem
665 3177 889 3269 aopotentiam
902 3182 1035 3271 spirant,
1046 3201 1107 3248 neo
1119 3185 1167 3248 tot

89 3432 332 3450 -ι-----ῥ

129 3642 138 3670 ¹
158 3641 295 3712 Aristoph,
312 3640 437 3706 Aedem,
454 3658 479 3696 v.
494 3629 556 3698 266.
570 3651 598 3677 ²³
625 3640 635 3674 ²
656 3640 727 3698 Diod.
744 3641 784 3698 sir.
799 3685 806 3704 .
821 3639 851 3698 L.
866 3640 909 3708 XI,
928 3640 972 3697 63.
999 3651 1028 3675 ¹²
1055 3639 1065 3669 ⁸
1084 3628 1168 3696 Sobel.

92 3747 157 3802 arg..
168 3729 282 3786 Aetam.
297 3730 380 3796 Quum
394 3736 479 3786 tamen
493 3730 518 3788 in
534 3729 741 3787 Aodnmerssibus
752 3729 782 3784 de
794 3729 884 3802 legatis
897 3746 912 3786 a
926 3727 1170 3786 lacedemoniorum

92 3817 193 3874 civitate
208 3818 239 3873 ad
253 3834 338 3891 regem
360 3819 493 3874 Persarum
508 3819 594 3875 missis
609 3818 702 3874 mentio
717 3818 782 3874 taeta
795 3817 845 3884 sit,
870 3818 952 3874 libens
970 3818 1088 3885 credam,
1113 3825 1171 3874 ante

93 3913 191 3974 tompus
205 3905 373 3976 aThueydide
383 3913 505 3970 notatum,
517 3907 564 3962 hoc
573 3907 666 3976 sparte
675 3904 807 3962 consilium
816 3905 1012 3961 Atheniensibus
1021 3905 1171 3966 innotuisse.

959 4001 975 4053 4
