2684 4508
600 204 756 260 ..199-

139 395 258 466 blicam
276 396 405 466 librent.
429 398 570 466 Patrium
585 419 661 467 vero
688 400 809 468 cultum
834 401 1011 469 innumeris
1030 400 1217 472 vulnerihs

139 510 245 592 loedit,
266 531 439 603 quumque,
457 511 599 581 Socratis
611 513 770 602 exemplo,
788 506 927 602 publicis
939 512 980 582 de
995 514 1151 603 reiigione
1164 515 1218 583 le-

140 624 237 714 gibus
250 623 477 714 obtemperare
491 631 647 704 conatur,
663 646 731 703 non
746 624 816 695 sine
830 624 969 716 quadam
989 627 1104 696 docilis
1128 627 1219 718 vulgi

141 738 300 818 irrisione,
317 743 487 808 commune
498 741 614 828 jugum
630 740 759 829 accipit.

185 874 373 944 Hunccirca
390 875 481 944 multi
496 880 673 943 nascuntur
683 880 803 964 poetae,
814 876 868 966 qui
887 875 1082 964 sophisticas
1097 877 1132 945 in
1145 881 1219 945 tra-

140 987 250 1080 goda
263 987 498 1077 disputationes
512 989 611 1059 nimio
626 987 733 1078 studio
744 994 999 1081 persequuntur;
1017 990 1050 1058 in
1065 989 1097 1059 id
1110 995 1218 1060 tamen

142 1101 366 1182 consentiunt,
383 1106 419 1170 ut
434 1102 661 1193 optimatibus,
685 1102 736 1170 vel
752 1102 867 1171 saltem
879 1103 1057 1192 primorum
1071 1102 1220 1172 ordinum

143 1214 277 1294 civibus,
303 1215 409 1305 magis
435 1233 533 1305 quam
557 1215 738 1304 plebeculae
761 1215 901 1285 faveant.
926 1217 967 1284 nt
980 1215 1065 1283 inter
1079 1214 1221 1284 comicos

140 1330 332 1402 decivitate
353 1329 607 1401 administranda
633 1333 842 1422 moribusque
868 1331 986 1401 civium
1008 1328 1221 1399 informandis

140 1443 242 1514 multo
256 1445 360 1533 major
372 1443 545 1515 concordia
557 1445 716 1514 mansisse
730 1445 808 1514 mihi
822 1442 949 1514 videtur
968 1467 976 1511 :
993 1444 1054 1531 lios
1067 1442 1222 1533 quicum-

141 1577 205 1648 que
225 1555 424 1648 abantiquis
448 1557 604 1628 institutis
617 1557 774 1638 discedit,
796 1558 847 1627 vel
861 1558 1026 1648 paululum
1047 1554 1221 1624 deflectere
1239 1605 1242 1615 .

140 1669 260 1751 tentat,
276 1671 384 1742 statim
398 1670 601 1742 aduersarios
614 1671 725 1742 habet.
750 1673 873 1743 Graecis
884 1671 1038 1762 gentibus
1052 1675 1088 1740 ut
1106 1688 1221 1760 pacem

143 1784 228 1853 inter
241 1805 276 1854 se
286 1786 427 1874 jungant
440 1790 473 1855 et
487 1784 651 1855 communi
664 1785 739 1855 odio
753 1786 915 1856 Barbaros
926 1785 1138 1875 insequantur
1149 1802 1221 1853 sua·

141 1897 197 1967 det
224 1899 403 1983 comoedia3
435 1899 500 1968 huc
516 1899 600 1967 inter
624 1904 673 1968 tot
700 1897 813 1978 iudos,
833 1904 882 1968 tot
895 1898 1097 1987 excogitatas
1118 1897 1221 1967 lasci-

141 2012 240 2082 vienti
257 2011 387 2102 ingenio
414 2012 559 2092 tabulas,
576 2010 696 2101 tendit3
714 2019 747 2080 ct
768 2011 915 2101 quamvis
937 2010 1014 2079 nuili
1030 2011 1147 2081 civium
1160 2030 1222 2080 or-

143 2125 211 2194 dini
224 2125 398 2196 tactioniue
411 2145 545 2214 prorsus
565 2130 697 2214 parcat,
714 2124 860 2214 quamvis
874 2124 1126 2213 ipsumNieiam,
1141 2123 1223 2213 opti·

143 2243 266 2307 matum
278 2239 412 2320 ducem,
432 2237 616 2309 timiditatis
630 2258 769 2329 arguere
788 2259 852 2307 non
876 2237 1022 2319 dubitet,
1051 2237 1223 2309 leuissimis

142 2357 251 2420 tamen
280 2352 467 2422 vulneribus
495 2351 638 2424 Cimonis
667 2352 811 2423 fautores
835 2370 1106 2443 successoresque
1130 2335 1231 2440 proe-'

143 2465 297 2554 stringit;
327 2465 361 2536 hi
392 2467 539 2557 protecto
565 2467 659 2536 utin
685 2464 897 2536 concionibus
921 2465 1052 2535 vincant
1067 2469 1215 2553 exoptat.

142 2577 261 2667 Siquis
280 2585 390 2648 tamen
407 2578 619 2669 optimatibus
633 2579 764 2658 favens,
795 2578 827 2648 vi
850 2581 883 2647 et
907 2577 1000 2647 malis
1023 2575 1147 2646 artibus
1171 2574 1222 2644 vei

143 2690 362 2779 sophistarum
386 2690 522 2781 argutiis
544 2692 655 2770 utitur,
680 2712 741 2760 nec
761 2691 911 2780 antiquos
933 2709 1041 2760 mores
1066 2709 1223 2760 renovare

143 2801 271 2870 sincero
292 2803 400 2873 animo
418 2807 542 2884 tentat,
561 2803 716 2872 adversus
728 2821 803 2872 eum
814 2799 881 2870 iras
896 2806 929 2869 et
947 2801 1095 2871 stimulos
1109 2821 1222 2870 omnes

143 2915 486 2987 convertitcomoedia.
