2684 4508
506 195 693 253 '-tt-

131 400 312 471 Caeterum,
344 400 465 483 praeter
478 395 646 464 versatiles
658 394 770 473 dolos,
798 400 830 463 et
853 394 992 484 aliquam
1016 394 1161 474 dieendi,

82 508 133 576 vel
148 508 256 598 potius
271 527 324 576 res
337 507 489 577 oratione„
505 508 717 597 perturbandi
735 508 911 588 solertiam,
930 508 1052 577 nullum
1066 507 1100 576 in
1126 528 1165 577 eo

85 621 251 710 ingenium
287 618 387 688 luisse
419 619 564 687 declarat
589 619 823 709 Aristophanes
850 645 857 687 :
886 626 919 688 at
944 621 1077 702 Cieero,
1106 622 1168 691 etsi

85 733 307 802 turbulentum
334 752 407 800 eum
434 732 539 801 eivem
564 731 664 811 dicit,
705 753 768 801 non
805 733 984 802 clamosum
1018 739 1169 803 tantum-

85 844 183 912 modo
207 844 372 923 rabulam,
406 843 462 913 sed
492 830 695 932 eloquentem
716 845 820 914 virum
847 846 946 915 luisse
959 847 1165 916 arbitratur¹.

130 986 178 1050 lix
201 981 252 1050 his
275 1000 354 1070 ergo
377 980 568 1070 oolligemus
591 980 677 1049 nulla
703 980 814 1051 Cleoni
837 981 916 1051 vitia
945 982 1026 1052 falso
1054 983 1168 1072 impu·

86 1105 174 1164 tasse
188 1095 454 1185 Aristophanem,
473 1094 531 1164 sed
547 1114 622 1187 quae
637 1095 744 1184 reipsa
758 1094 802 1163 illi
816 1095 987 1184 plebicolae
1009 1097 1164 1175 inessent,

87 1210 212 1279 eomieo
223 1213 296 1300 J'ure
315 1231 429 1292 usum,
459 1211 607 1290 auxisse,
637 1231 702 1280 uno
725 1217 835 1279 temen
857 1211 1000 1281 laeinore
1023 1211 1164 1291 omisso,

87 1325 172 1415 quod
198 1325 284 1414 apud
299 1332 449 1415 posteros
461 1325 588 1395 Cleonis
609 1325 731 1393 nomini
749 1325 963 1395 certissimam
978 1326 1098 1395 eonllat
1112 1326 1168 1394 in-

86 1436 218 1504 vidiam.

433 1671 450 1767 ἓ
476 1669 510 1742 4.
537 1714 586 1725 -
611 1673 662 1744 De
693 1673 818 1769 Vespis.

133 1936 238 2012 Quum
251 1936 380 2020 Equites
392 1935 533 2002 fabulam
546 1935 652 2023 palma
666 1921 878 2004 decorasse'nt
887 1935 1006 2023 poetiei
1021 1934 1168 2002 certami-

89 2046 140 2114 nis
150 2045 286 2135 judiees,
301 2050 411 2136 jaeere
427 2049 580 2117 Cleonem
595 2048 733 2118 eredidit
745 2048 990 2137 Aristophanes,
1004 2053 1041 2116 et
1055 2048 1088 2115 in
1100 2051 1170 2116 Nu-

89 2161 179 2226 tlh'us
196 2161 394 2249 triumphum
413 2162 562 2230 eeeinit².
588 2165 752 2243 Quantum
777 2163 935 2230 erraverit
962 2161 1069 2250 ipsum
1096 2182 1170 2231 mox

89 2273 262 2360 agnovisse
282 2278 430 2352 constat,
451 2268 692 2344 nam'seeundo
717 2281 792 2364 post
815 2275 1021 2344 oommissam
1041 2277 1170 2361 Equites

88 2387 280 2472 annotante
305 2390 397 2456 J.-C.
422 2389 529 2472 lat),
559 2388 711 2456 Cleonem
739 2408 868 2457 rursum
892 2409 1070 2477 aggressus
1094 2396 1166 2467 est,

88 2498 139 2565 vel
153 2518 210 2566 eos
220 2500 326 2587 potius
338 2501 403 2589 qui,
421 2501 548 2569 Cleonis
560 2500 753 2570 liberalitate
766 2501 875 2590 eapti,
898 2500 1001 2590 plebis
1016 2507 1170 2570 assenta-

88 2615 150 2682 tori
168 2617 459 2703 praesentissimum
474 2618 626 2686 auxilium
639 2618 843 2718 praebebant.

132 2754 262 2824 ludiees
281 2756 419 2836 seilicet,
446 2777 527 2846 quos
547 2777 587 2825 ex
608 2757 729 2845 populo
752 2756 867 2825 duetos
890 2777 997 2826 annua
1012 2777 1083 2827 sors
1104 2756 1170 2826 de-

88 2869 219 2957 signat,
264 2868 417 2959 quidquid
452 2871 483 2937 in
526 2873 634 2958 Pnyee
674 2869 811 2958 populus
856 2871 925 2959 agit
957 2870 1166 2951 deeernitve,

88 2983 153 3050 imo
177 2982 331 3072 quidquia
346 2989 434 3050 amat
449 2988 484 3051 et
496 2983 585 3064 odit,
602 3004 677 3052 mox
691 2984 723 3051 in
736 2982 967 3062 tribunalibus,
985 2984 1167 3072 praesertim

88 3097 120 3163 in
142 3097 274 3173 Heliaea,
292 3095 488 3176 absolvendo
512 3095 739 3164 muletandove
760 3095 920 3165 sanciunt.
938 3101 1112 3186 Postquam
1134 3097 1166 3165 in

10 3200 12 3204 ’
85 3208 320 3280 deliberatione
333 3208 457 3277 obstitit
471 3208 581 3277 Cleoni
608 3207 812 3277 adversarius
831 3215 865 3277 et
889 3207 1168 3278 alterutrisieto-

87 3321 168 3388 riam
182 3320 312 3408 publiea
325 3321 480 3410 suffragia
498 3320 618 3390 dedere
629 3373 638 3399 ,
649 3320 799 3390 nondum
818 3322 901 3390 inter
915 3321 996 3390 duas
1011 3322 1168 3392 factiones

86 3435 182 3522 plane
196 3433 392 3503 debellatum
408 3439 477 3516 est;
507 3439 680 3503 renovatur
694 3433 780 3502 enim
806 3444 881 3503 ante
900 3435 1027 3525 judiees
1055 3441 1168 3504 eerta-

82 3678 326 3688 ——-—-—-

122 3863 130 3903 ¹
147 3861 213 3943 Cin,
230 3860 317 3921 Brut..
333 3879 355 3916 e.
373 3862 398 3917 7.
415 3897 441 3917 2-
467 3863 629 3932 ²hristoph.,
642 3863 720 3929 net,
735 3880 758 3918 v.
771 3863 897 3919 {ild-550.
