2684 4508
545 243 549 250 -
638 215 794 270 -188-

176 410 295 500 mylum
311 416 344 478 et
356 430 412 478 eus
427 409 480 499 qui
494 409 570 477 talia
585 410 748 477 somniant
760 409 905 498 disputat
918 408 1165 498 Aristophanes.
1194 413 1264 478 Une

177 523 308 613 quidem
322 529 530 611 arguments,
549 522 605 590 sed
620 523 764 591 amnium
781 522 977 601 firmissimo,
995 522 1265 610 utiturPauper-

177 643 246 716 tas,
276 637 419 713 scilicet,
448 635 508 704 nisi
527 636 611 704 inter
637 636 804 704 huminum
820 637 966 703 fortunas
980 635 1099 724 aliquid
1115 635 1262 712 intersit,

178 749 341 818 neminem
356 755 502 837 egestate
519 748 716 816 stimulatum
730 748 770 816 ad
787 749 931 816 laborem
954 754 986 816 et
1000 755 1088 816 artes
1103 768 1266 816 exercen-

177 864 237 932 das
251 883 443 933 conversum
456 863 506 930 iri.
525 863 557 930 Si
572 862 688 934 divites
702 882 817 930 omncs
832 861 924 940 frent,
940 861 1012 951 quis
1024 861 1123 928 telam
1141 866 1264 939 texere,

178 976 302 1047 corium
338 976 481 1055 mollire,
513 980 617 1045 ratam
648 981 799 1054 turnare,
837 975 965 1044 calceas
997 976 1123 1065 tingere
1152 974 1267 1042 velet‘l

180 1089 293 1158 Cuncti
316 1110 407 1178 erga
432 1089 579 1179 quamvis
604 1110 683 1158 aure
712 1089 892 1178 opibusque
912 1090 1070 1167 diffluant,
1100 1090 1201 1157 rebus
1227 1089 1266 1156 ad

178 1198 277 1272 vitam
294 1204 486 1272 necessariis
500 1203 663 1291 egebunt,
684 1203 733 1271 vel
755 1202 818 1270 sibi
840 1202 914 1272 llaec
939 1202 1047 1270 omnia
1071 1222 1190 1290 parare
1205 1222 1268 1270 cc-

179 1322 310 1403 gentur.
324 1353 369 1367 -
383 1318 424 1383 lt
435 1316 523 1398 enim
548 1337 659 1385 servus
670 1316 858 1405 jubebimus
872 1321 989 1384 cuncta
1004 1315 1116 1383 liberis
1128 1315 1268 1383 humini-

179 1430 240 1499 bus
266 1428 446 1500 elaborare,
472 1466 517 1484 -
538 1429 630 1497 Unde
645 1435 754 1496 autem
776 1448 888 1497 servus
915 1449 1107 1516 comparare
1128 1429 1268 1498 licebit?

179 1542 257 1624 Quis
277 1563 443 1612 servornm
464 1549 680 1610 mercaturam
695 1563 871 1625 exercere3
896 1543 967 1632 quis
995 1543 1101 1613 maria
1126 1564 1167 1612 ae
1193 1549 1269 1612 ter-

95 1741 102 1751 !
181 1677 234 1724 ras
255 1657 286 1724 id
306 1677 411 1745 genus
426 1676 552 1725 merces
566 1657 743 1744 quaerendo
758 1657 897 1725 lustrare
916 1636 1119 1729 sustinebit?
1148 1677 1269 1725 servu·-

92 1798 95 1805 ·
182 1791 253 1841 rum
286 1773 501 1840 mercatorem
541 1789 719 1858 pauperem
747 1788 819 1836 esse
857 1788 991 1836 necesse
1029 1773 1100 1846 est,
1132 1776 1169 1836 ut
1207 1768 1271 1837 illis

181 1883 360 1956 vendendis
387 1883 558 1971 pecuniam
586 1883 703 1952 lucrari
735 1883 856 1971 cupiat.
882 1887 991 1951 Mutua
1017 1899 1097 1970 ergo
1120 1887 1271 1970 egestate

182 1997 329 2068 hemines
343 1995 384 2064 ad
401 2002 512 2070 mutua
527 1996 644 2065 auxilia
659 1998 916 2084 commerciaque
932 1995 1073 2084 cogendi
1095 2001 1192 2078 sunt;
1224 1996 1271 2063 nil

124 2095 125 2098 ¹
161 2173 162 2176 ,
182 2109 330 2179 miserius
349 2114 436 2177 esset
449 2128 545 2197 quam
564 2109 614 2176 vir
636 2109 726 2178 diues
754 2108 858 2178 aliena
886 2129 948 2196 ope
972 2109 1020 2181 sic
1041 2107 1218 2176 destitutus
1233 2115 1271 2176 ut

181 2222 251 2310 ipse
271 2222 332 2291 sibi
347 2221 477 2290 domum
492 2221 690 2300 aedificaret,
721 2221 844 2311 lignum
866 2221 1017 2298 linderet,
1048 2219 1147 2288 lintea
1172 2221 1271 2289 lava-

182 2341 248 2412 ret,
275 2334 454 2404 domestico
467 2334 607 2421 denique
621 2334 800 2401 ministeriu
816 2333 903 2405 sulus
917 2334 1110 2421 fungeretur
1120 2335 1144 2404 ¹.

227 2463 306 2530 llaec
323 2462 501 2546 Paupertas
518 2457 689 2546 Chremyln
714 2463 747 2526 et
765 2457 861 2525 suciis
876 2456 1010 2545 abjicit;
1028 2475 1110 2545 ques
1125 2477 1185 2528 suu
1201 2477 1272 2524 no-

182 2573 269 2639 mine
288 2572 387 2640 semel
412 2571 620 2659 pronuntiato
635 2576 736 2639 terret
754 2591 792 2640 ac
810 2571 925 2659 fugat3
948 2569 1067 2660 quique
1086 2574 1123 2639 ut
1134 2570 1272 2638 tandem

184 2684 309 2752 animos
328 2703 500 2771 recepere,
519 2683 670 2755 omnihus
696 2703 768 2751 eam
793 2682 995 2770 argumentis
1016 2681 1165 2753 refellere
1191 2687 1275 2751 ten—

182 2802 267 2876 tant,
289 2797 340 2865 vel
364 2797 472 2886 petius
496 2796 700 2865 contumeliis
723 2803 756 2864 et-
776 2795 1066 2864 exsecrationibus.
1088 2799 1169 2862 Eam
1182 2797 1272 2870 enim

112 3002 114 3005 Ι
182 2919 338 2980 accusant
364 2911 449 3000 quod
481 2911 608 2981 miseris
638 2911 827 2983 mentalibus
858 2911 902 2978 nil
928 2911 988 2979 nisi
1020 2932 1206 2990 aerumnas,
1239 2920 1273 2981 et

183 3026 315 3105 sordes,
343 3035 376 3094 et
406 3026 617 3119 squalorem,
637 3031 670 3093 et
689 3025 877 3114 -grabatum
911 3024 1073 3114 pulicibus
1112 3025 1272 3094 intectum

185 3140 340 3229 praebeat.
367 3139 603 3228 atristophanea
618 3160 695 3208 vem
710 3143 889 3227 Paupertas
908 3158 944 3206 se
963 3159 1027 3210 non
1043 3138 1273 3212 mendicorum

186 3253 309 3322 sociam
335 3252 498 3330 declarat,
527 3251 647 3324 labaris
678 3256 785 3319 autem
813 3256 846 3318 et
874 3251 1044 3325 industriae
1073 3258 1272 3340 parentem;

186 3367 330 3456 quisquis
355 3364 478 3434 scilicet
496 3384 555 3458 per
580 3364 733 3431 honestas
758 3369 845 3431 artes
870 3363 990 3436 vietum
1012 3364 1073 3434 sibi
1102 3373 1275 3454 comparat

187 3500 300 3549 severa
318 3479 447 3568 quidem
466 3477 580 3547 habitu
598 3477 751 3566 cultuque
765 3477 877 3556 utitur,
894 3478 950 3546 sed
967 3499 1030 3546 nun
1050 3479 1167 3549 obsitae
1181 3500 1273 3568 pan-

187 3595 237 3662 nis
263 3598 340 3662 Deae
361 3591 532 3660 clientibus
560 3590 823 3659 adnumerandus
847 3597 927 3658 est2.

189 3767 430 3783 w—

147 3952 151 3963 .
227 3910 237 3939 ¹
260 3909 377 3981 aristoph
391 3953 401 3985 ,¹
414 3909 496 3975 Plus..
512 3928 534 3966 u.
552 3908 676 3967 :illidat
693 3911 746 3947 =⁹
765 3909 812 3975 ld,
848 3908 925 3976 ibid„
943 3927 966 3965 v.
983 3908 1110 3964 eat-618.
