2684 4508
619 218 776 270 -luu-

157 433 235 480 auro
259 408 490 499 promissisque
517 409 694 479 honoribus
719 410 766 477 sie
788 414 1001 497 corruptum,
1032 414 1068 477 ut
1089 408 1244 477 mandata

155 526 241 594 lovis
257 525 406 612 baegere
422 544 485 591 non
503 523 641 608 dubitet.
658 527 693 590 ln
719 525 838 590 Avidus
860 543 936 590 voro
958 526 1100 590 Deorum
1130 522 1252 590 homi-·

156 656 296 724 numque
311 642 404 724 palor
418 656 457 702 ao
470 634 665 713 dominator,
685 629 814 702 feminis
828 640 861 702 et
878 633 1112 703 saerilloiorum
1128 633 1245 702 nidore

155 751 310 838 privatus,
328 770 427 838 quum
440 749 559 838 duplex
573 748 650 816 illud
661 748 820 836 jejunium
831 769 896 815 non
913 748 968 815 dio
983 748 1146 816 sustinere
1159 768 1246 836 pos-

156 864 217 938 sit,
254 863 446 931 l'isthetaero
482 868 514 928 et
548 861 715 929 voluerum
747 860 861 946 generi
892 860 1098 949 tyrannidem
1125 860 1247 928 eadere

156 976 313 1064 eogitu1·¹.
340 977 403 1044 Sed
417 996 514 1066 quam
529 975 697 1044 ridiculam
719 975 809 1063 prius
824 974 1021 1063 legationem
1036 974 1162 1042 obeunt
1176 981 1246 1042 tres

157 1089 222 1167 Dii,
240 1094 425 1178 Neptunus,
450 1088 605 1158 llereules
623 1109 662 1156 ao
676 1087 854 1165 Trihallus,
871 1089 912 1157 de
927 1087 1061 1156 loederis
1073 1088 1246 1158 conditio·

156 1203 250 1271 nibus
266 1203 353 1272 missi
368 1203 398 1270 ²l
428 1202 652 1273 lnoredihilem
676 1203 822 1290 prolecto
842 1201 1028 1272 Pisthetaeri
1054 1199 1241 1281 audaciam,

157 1316 284 1384 Herculi
299 1315 463 1405 dieentis:
491 1343 504 1376 α
534 1315 567 1384 si
582 1321 675 1403 pater
688 1321 764 1383 tuus
791 1321 937 1384 mortuus
953 1314 1033 1394 erit,
1063 1320 1099 1382 tu
1121 1315 1246 1383 nothus

156 1429 340 1517 patrimonii
355 1429 598 1518 particepsnon
614 1431 695 1497 llesl
715 1454 729 1490 r
758 1429 913 1497 Hercules
935 1450 1013 1498 vero
1041 1429 1248 1500 fumantibus

145 1526 226 1611 'ollis
242 1563 281 1610 no
293 1543 471 1611 visceribus
485 1542 580 1631 plane
598 1546 713 1631 eaptus
727 1562 823 1631 quam
846 1541 941 1610 laoile
956 1543 1058 1631 petris
1069 1545 1246 1634 patruique
1303 1533 1307 1539 ’

156 1662 350 1744 potestatem
368 1656 476 1745 prodit
493 1662 500 1722 l
530 1655 622 1724 Haud
646 1674 741 1724 secus
760 1654 793 1723 in
811 1658 907 1723 Pluto
920 1655 1067 1725 esuriens
1084 1678 1160 1725 eum
1176 1656 1246 1725 Diis
1319 1704 1322 1711 ·

110 1780 113 1787 ’
155 1771 332 1839 Mercurius
341 1770 428 1839 omni
439 1790 501 1859 ope
515 1771 642 1860 llagitat
652 1775 688 1838 ut
701 1769 871 1858 Chremylo
885 1769 1006 1838 servire
1018 1790 1058 1838 ee
1071 1769 1247 1839 serviendo
1329 1848 1331 1857 Α

155 1885 276 1954 vietum
295 1906 412 1974 parare
427 1885 488 1954 sibi
506 1885 613 1953 liceat.
630 1883 708 1962 llio,
736 1883 846 1972 egenti
874 1883 1077 1951 mercenario
1105 1884 1243 1963 similis,

158 1997 312 2087 quidquid
346 1998 441 2066 uallet
462 1998 604 2066 vicissim
630 2015 781 2085 promere
799 2002 923 2075 tentat,
953 2001 986 2064 et
1014 1997 1124 2065 varias
1141 2003 1248 2095 ⁸artes

156 2110 276 2178 homini
291 2104 411 2180 offert:
432 2137 446 2173 a
466 2110 648 2181 Ostiarione
663 2131 743 2199 eges
757 2115 773 2178 ‘l
798 2110 1150 2181 Merourhmostiarius
1164 2132 1243 2200 ego.

155 2225 204 2293 hu
230 2231 361 2293 versuto
389 2226 489 2294 lure‘l
514 2229 626 2293 Nonne
648 2223 829 2294 Mercurius
856 2223 988 2292 dolosus
1015 2224 1199 2294 nominor?
1228 2253 1243 2287 »

156 2335 255 2414 Felix,
272 2337 407 2405 nimium
421 2336 507 2415 felix,
518 2337 603 2426 quod
619 2339 703 2405 inter
716 2341 764 2405 tot
778 2342 876 2416 artes,
892 2358 956 2405 una
973 2338 1158 2407 inveniatur
1170 2326 1247 2428 quae

156 2448 346 2519 mortalibus
365 2450 472 2519 adhue
486 2450 641 2539 prodesse
654 2450 761 2532 valeat
776 2457 783 2518 t

200 2586 263 2654 Sed
279 2606 494 2675 quoecumque
517 2587 551 2653 in
573 2586 705 2654 homine
720 2586 820 2655 risum
840 2586 935 2655 unul
954 2594 1249 2680 contemptumque

157 2705 287 2766 movent
311 2698 457 2767 Baoehus
471 2698 532 2767 iste
546 2699 805 2787 Aristophaneus
827 2699 859 2766 in
880 2719 916 2767 se
929 2699 1032 2788 gerit,
1058 2701 1112 2791 qui
1131 2723 1249 2771 amare

99 2802 101 2807 ’
156 2815 280 2879 tentum
295 2817 327 2879 et
351 2817 464 2899 potero
479 2812 584 2891 novit,
603 2812 657 2901 qui
676 2812 879 2880 descendens
896 2813 938 2881 ed
955 2805 1096 2894 Oreum,
1120 2815 1147 2883 si
1166 2814 1248 2905 quid

155 2924 206 2993 vel
219 2925 380 2993 levissime
392 2925 572 3013 increpuit,
590 2925 748 3014 trepidat,
766 2926 981 3015 timoremque
998 2926 1130 2996 sordida
1146 2929 1247 3023 nimis

155 3045 247 3106 veste
260 3039 402 3109 declarat
417 3063 425 3121 ;
442 3059 539 3127 quem
553 3040 586 3106 in
600 3040 761 3128 periculo,
778 3039 828 3107 vel
843 3040 952 3128 petius
963 3040 996 3109 in
1011 3041 1147 3129 periculi
1163 3062 1248 3112 sus·

157 3151 294 3242 pioiune,
313 3171 425 3220 servus
440 3172 517 3221 suus
530 3152 718 3222 lortitudine
731 3152 831 3221 multo
846 3154 1027 3237 antecellit;
1052 3175 1150 3244 quem
1165 3177 1246 3226 vero

156 3264 263 3334 subito
278 3265 375 3354 erigit
388 3258 492 3354 parati
507 3286 525 3333 a
540 3265 676 3335 Plutone
689 3266 825 3336 eonvivii
841 3267 990 3346 nuntius,
1008 3275 1042 3337 et
1055 3268 1247 3340 llorentium

156 3377 258 3448 lbrrna
268 3379 465 3467 juventaque
479 3379 703 3448 saltatrioium.
717 3384 801 3448 Num
817 3379 895 3447 talia
907 3381 1056 3469 legentes
1071 3381 1246 3454 ridentes-

118 3554 122 3562 .
155 3510 218 3583 que
241 3491 490 3579 Aristophanem
520 3492 700 3577 istiusmodi
725 3497 867 3561 Deorum
893 3493 1057 3563 sincerum
1080 3495 1243 3565 cultorem

158 3708 389 3724 ..Μ

192 3874 354 3967 ransropn,
370 3877 429 3942 ln»,
452 3894 474 3929 v.
494 3875 658 3934 mnarum.
673 3913 701 3933 Ξ
725 3877 734 3908 ²
754 3877 801 3941 m,
841 3875 912 3943 niu,
928 3896 953 3931 v.
967 3878 1128 3936 risus-mos.
1171 3854 1174 3859 ’
