2684 4508
599 238 629 247 -
651 207 697 260 llll
721 237 754 248 -

138 409 287 472 Socrates
307 423 370 469 non
395 408 604 497 mritemnere
627 403 791 491 nequivit3
819 403 890 491 quis
904 409 1031 482 autem,
1052 405 1135 473 inter
1149 409 1218 495 eius

136 515 311 603 discipulos
321 513 370 582 vel
381 513 597 602 pbilosopbiae
614 513 795 591 bistoricos,
806 513 887 582 dixit
895 519 981 584 Deos
995 517 1037 585 ab
1047 517 1100 585 illo
1113 518 1218 587 omnis

138 625 350 714 providentiae
364 627 414 694 vel
422 625 593 714 potestatis
603 631 753 713 expertes
762 624 924 714 judicatos
935 635 1028 696 esset
1043 630 1106 699 Sed
1119 651 1217 719 quum

137 740 228 831 multi
243 740 410 828 sophistae,
427 740 616 828 imperfecta
631 739 739 807 adbuc
751 745 784 807 et
802 741 893 829 quasi
907 743 1008 810 cruda
1027 764 1135 812 rerum
1157 765 1219 812 co-

137 847 282 940 gnitione
293 853 424 942 superbi
440 905 448 930 ,
466 842 609 921 divinam
624 860 764 921 mentem
778 853 958 922 ordinando
973 858 1220 925 conservando-

136 985 198 1054 que
211 963 331 1033 mundo
345 965 491 1033 inutilem
506 984 579 1032 csse
595 940 820 1042 clamdverint,
841 970 1037 1055 ventumque
1058 974 1091 1035 et
1109 969 1219 1037 turbi-

136 1099 231 1153 nem,
252 1077 284 1145 id
299 1083 348 1146 est
362 1098 468 1146 caecas
492 1077 704 1167 fortuitosque
727 1098 857 1157 causas,
875 1077 914 1146 ad
930 1079 1037 1148 omnia
1050 1081 1219 1150 efficienda

137 1191 217 1259 satis
230 1211 323 1269 esse,
342 1190 373 1258 id
395 1180 523 1280 quoque
538 1191 661 1259 crimen
677 1197 725 1259 tot
737 1191 908 1259 criminum
922 1192 1013 1260 oneri
1032 1192 1122 1260 addit
1136 1195 1221 1262 Aris·

137 1305 313 1394 topbanes‚
330 1310 362 1372 et
373 1326 456 1373 novo
470 1304 614 1392 pondere
629 1305 803 1374 innocuum
818 1312 914 1393 urget
928 1308 1095 1374 Socratem
1108 1331 1115 1389 3
1135 1307 1221 1376 bunc

136 1430 224 1497 enim
238 1429 331 1498 ltlelio
357 1429 509 1516 Diagorae
523 1447 618 1516 quem
635 1417 729 1489 ἄθεον
749 1448 862 1496 omnes
877 1430 1105 1507 nominabant,
1134 1433 1219 1500 nullo

125 1541 322 1610 discrimine
336 1541 460 1618 habito,
478 1546 674 1629 comparat¹.
694 1541 886 1628 snperbiam
903 1540 1062 1629 denique,
1086 1550 1118 1613 et
1137 1565 1220 1612 ava-

137 1655 255 1733 ritiam,
264 1661 297 1723 et
306 1654 461 1743 argutias,
473 1658 505 1722 et
515 1652 623 1722 omnia
633 1653 883 1742 corrumpendae
892 1656 1071 1741 juventutis
1084 1657 1219 1726 artillcia

137 1768 181 1836 illi
204 1768 362 1857 imputat,
394 1773 428 1835 ut
454 1770 605 1835 Socrates
621 1765 743 1833 delirus
767 1765 929 1838 interdum
948 1787 1066 1846 sonex,
1086 1769 1221 1838 callidus

125 1881 300 1949 interdum
313 1879 364 1949 sur
376 1899 415 1948 ac
435 1879 666 1969 praestigiator,
684 1899 814 1968 semper
828 1885 936 1947 autem
952 1880 1154 1968 perniciosus
1166 1882 1219 1958 ci-

136 1994 186 2062 vis
204 2014 276 2063 esse
296 1993 453 2091 videatur,
472 1997 572 2061 rectae
599 1993 698 2060 menti
724 1993 866 2070 scilicet,
894 1999 928 2059 et
944 1995 1038 2070 bonis
1053 1997 1217 2090 moribus,

137 2111 171 2173 et
187 2106 329 2195 publicae
343 2105 490 2194 religioni
506 2104 652 2173 infestus.

181 2254 321 2318 iuvenes
342 2245 481 2313 maxime
494 2244 751 2332 Aristophaneus
766 2244 945 2332 corrumpit
970 2248 1141 2325 Socrates,
1168 2249 1219 2314 rel

126 2359 246 2452 'potins
258 2345 446 2430 libidinibus
460 2357 629 2445 indulgere
644 2355 814 2444 cupientes
826 2354 943 2423 mirum
958 2356 990 2424 in
1019 2356 1150 2426 modum
1166 2358 1219 2426 ad·

134 2479 236 2567 juvat.
253 2473 347 2562 Apud
364 2473 453 2541 illum
469 2472 555 2539 enim
570 2470 756 2560 disputandi
775 2476 807 2538 et
837 2470 1054 2538 calumniandi
1073 2472 1219 2559 argutias
1277 2455 1280 2462 ’

136 2587 297 2656 ediscunt.
312 2584 345 2653 Si
358 2585 429 2674 quis
442 2602 560 2672 pravos
573 2601 681 2650 mores
695 2582 923 2672 lasciviamque
937 2582 1064 2651 vivendi
1077 2583 1129 2650 vel
1142 2583 1215 2661 sibi,

138 2701 189 2770 vel
206 2699 276 2767 aliis
290 2717 446 2766 excusare
460 2695 555 2772 velit,
575 2694 624 2761 vel
638 2693 817 2762 creditores
840 2694 950 2763 debita
968 2695 1105 2784 pecunia
1124 2695 1222 2764 irau-¹

138 2814 229 2892 dare,
247 2803 297 2880 vel
308 2809 454 2900 judicum
468 2810 614 2896 elingere
627 2826 754 2883 manus,
765 2805 814 2873 vel
829 2806 947 2873 malam
963 2826 1094 2874 cansam
1107 2826 1217 2894 agere,

139 2926 180 2994 ad
201 2928 368 2993 Socratem
392 2921 548 2995 festinat,
573 2924 607 2986 ut
633 2937 668 2984 se
694 2916 737 2984 illi
764 2917 911 3005 praebeat
937 2917 1151 2985 edocendum.

121 3043 124 3046 ’
186 3073 277 3156 lpsos
301 3085 397 3134 senes
427 3061 598 3151 aliquando
627 3059 745 3157 oppido
772 3058 904 3126 incessit
929 3049 1123 3146 perniciosae
1142 3060 1220 3127 artis

140 3180 345 3259 ediscendae,
364 3177 421 3246 sed
449 3175 606 3245 debilitati
629 3173 723 3241 annis
748 3172 869 3260 ingenii
897 3170 1067 3239 inllrmitas
1093 3172 1221 3262 longius

139 3319 197 3368 eos
209 3280 362 3386 progredi
381 3298 479 3362 vetat.
501 3291 592 3360 Adde
606 3290 692 3380 quod
707 3294 807 3357 rectae
834 3287 951 3357 mentis
974 3288 1110 3377 vestigia
1124 3289 1220 3357 Aris-

138 3409 293 3498 topltanei
310 3427 440 3495 semper
462 3411 592 3473 servant
606 3423 720 3484 senes;
741 3401 939 3470 stultissimis
965 3419 1096 3480 eorum,
1114 3406 1148 3470 et
1161 3401 1222 3470 illis

139 3542 221 3611 quos
236 3519 434 3588 recentiores
460 3514 596 3603 argutiae
619 3514 758 3580 maxime
784 3511 969 3601 decipiunt,
1003 3532 1133 3601 semper
1156 3512 1220 3579 oli-

181 3889 187 3928 1
211 3886 348 3955 1111111111,
368 3883 469 3941 1830.
