2684 4508
609 204 728 262 ..5-

125 403 211 476 nihil
244 403 342 476 nimii
367 402 432 477 sibi
459 402 508 475 vel
536 402 608 476 suis
641 403 844 477 concedant.
873 402 956 476 Post
986 402 1081 475 hunc
1111 401 1209 476 Cimo
1327 430 1330 437 ·

126 527 334 623 optimatum
353 525 495 621 signiler
517 525 675 629 incessit,
696 525 824 623 populo
844 526 889 599 ob
908 524 1149 599 liberalitatem
1169 547 1210 600 ac

127 649 362 724 fortitudinem
382 657 512 746 gratus,
531 648 674 722 Athenis
694 647 908 723 maritimum
937 647 1123 740 imperium
1144 648 1211 722 late

127 795 332 869 propagans,
352 771 414 846 sed
442 772 571 846 bellum
591 772 681 845 inter
702 784 883 867 utramque
903 770 1075 854 civitatem
1103 792 1209 869 erup-

127 909 244 968 turum
264 916 402 991 semper
428 904 596 967 avertens
618 892 696 967 Non
719 891 818 966 timet
842 891 1004 987 equidem
1028 916 1072 967 ne
1090 892 1210 967 Attioae

126 1016 375 1092 dominationis
394 1015 577 1112 splendore
597 1014 771 1089 crucietur
789 1025 823 1087 et
842 1014 1079 1088 inflammetur
1098 1013 1206 1112 Spar·

128 1158 291 1216 ranorum
305 1139 443 1228 invidia,
457 1163 522 1213 noo
537 1140 683 1236 patriam
703 1140 794 1212 intra
813 1138 1029 1235 augrrstiores
1044 1137 1211 1213 terminos

126 1274 264 1338 coercet
289 1273 327 1337 nt
352 1262 487 1336 aemulis
511 1260 585 1359 ejus
610 1272 748 1358 parcat3
775 1263 835 1336 sed
866 1261 1116 1358 Spartanorum
1141 1262 1211 1335 vir·

128 1401 230 1479 tutes
248 1400 282 1465 et
301 1388 556 1486 rempublicam
577 1389 672 1463 illam
693 1414 798 1485 quam
813 1401 909 1464 tanta
921 1390 1085 1488 gravitate
1099 1412 1211 1482 reges

126 1512 261 1611 ephori,
280 1522 460 1587 senatores
492 1513 727 1601 moderantur,
753 1513 788 1585 in
814 1512 984 1588 concione
1014 1512 1210 1588 Athenien·

127 1635 219 1710 sium
249 1633 413 1710 laudibus
451 1633 573 1709 ellerre
598 1644 632 1708 et
655 1656 783 1732 magna
809 1648 975 1732 exparte
1005 1634 1211 1708 imitandam

127 1779 322 1854 proponere
336 1755 464 1852 gaudet
475 1756 497 1829 ¹.
512 1755 685 1832 Caeterum
705 1757 795 1832 cives
809 1780 891 1832 snos
905 1757 1090 1832 mitissima
1102 1778 1211 1832 manu

126 1888 261 1969 tractat,
277 1901 347 1952 nec
374 1876 443 1951 illis
467 1877 696 1952 aedificiorum
714 1878 1030 1974 magnificentiam,
1049 1881 1211 1956 ambula-

128 2023 268 2076 crornm
287 2001 531 2092 amoenitatem,
551 2001 714 2076 ludorum
733 2012 920 2099 apparatus
937 2001 1067 2077 invidet
1083 2004 1112 2095 '²3
1131 2027 1211 2101 spe-

127 2138 181 2200 rat
198 2149 335 2224 nempe,
350 2137 400 2202 tot
412 2127 584 2203 illecebris
602 2138 733 2225 oaptoS,
746 2127 938 2226 Areopago,
957 2128 1105 2220 senatui,
1119 2130 1211 2227 opti·

129 2249 294 2340 mutibus,
313 2244 502 2346 potentiam
527 2273 627 2347 aequo
655 2251 771 2324 animo
799 2250 1030 2347 permissuros
1050 2274 1139 2326 esse.
1157 2251 1212 2327 Ad

127 2374 195 2446 hoc
208 2373 395 2446 ferventem
410 2373 528 2470 populi
542 2372 764 2448 Atheniensis
783 2382 920 2461 aestum,
936 2396 1047 2470 quum
1063 2383 1207 2449 caeteras

128 2492 269 2567 Graeciae
287 2503 409 2588 gentes
427 2493 587 2568 invadere
605 2504 665 2569 aut
681 2516 804 2568 vexare
825 2505 970 2590 pararet,
986 2493 1022 2566 in
1037 2494 1211 2569 Barbaros

128 2628 163 2692 et
176 2617 210 2689 in
230 2616 340 2712 AEgaei
359 2616 465 2690 maris
484 2615 615 2691 insulas
636 2615 834 2690 convertit³.
855 2615 969 2690 Patris
985 2638 1068 2712 ergo
1087 2615 1211 2691 similis

127 2742 201 2832 luit,
233 2746 289 2838 qni
323 2741 534 2816 adolescenti
571 2742 641 2816 tilio
672 2754 705 2815 et
736 2741 848 2814 multa
879 2763 992 2836 agere,
1020 2741 1210 2839 multisque

127 2864 361 2963 voluptatibus
387 2864 453 2938 lrni
480 2864 640 2958 gestienti
660 2865 787 2939 decora
806 2864 1064 2939 oblectamenta
1081 2887 1211 2962 suppe-

129 2985 225 3073 ditat,
241 2986 493 3083 honestamque
508 2985 598 3059 viam
618 2986 817 3061 exercendae
836 2985 1018 3060 industriae
1031 2985 1151 3083 aperit,
1170 3007 1211 3060 ea

128 3106 206 3203 lege
224 3116 263 3178 ut
277 3106 431 3202 paternis
446 3106 598 3181 consiliis
614 3106 760 3204 obsequi
778 3107 868 3181 velit.

177 3251 221 3324 Hi
239 3251 376 3325 fuerant
389 3250 597 3350 optimatum
616 3251 736 3343 duces,
751 3250 1027 3351 quamprimum
1041 3252 1212 3349 tragoedia

127 3374 174 3448 ita
194 3397 248 3448 res
267 3373 424 3471 publicas
438 3373 607 3469 attingere
624 3373 741 3471 coepit,
754 3384 794 3448 ut
807 3373 908 3449 certis
921 3373 1079 3472 partibus
1097 3376 1211 3451 lavere

128 3495 318 3586 videretur;
338 3497 399 3570 sed
430 3496 548 3570 omnia
578 3496 709 3570 ducum
736 3497 892 3594 exempla
908 3520 986 3577 uon
1011 3520 1134 3573 omnes
1159 3496 1210 3574 illi

130 3720 373 3739 -ρ

169 3882 176 3917 ¹
194 3877 529 3948 cruentarentur..
547 3882 589 3939 aa.
605 3853 720 3946 lena..
758 3881 831 3948 rara..
853 3881 896 3939 ra
911 3899 939 3922 ι-
957 3882 968 3913 ·
984 3882 1032 3948 ra,
1070 3881 1143 3949 ura,
1165 3881 1208 3939 ra.
