2684 4508
639 188 778 240 -3l-

173 385 391 461 Plutarcbus',
422 405 490 451 rem
510 383 699 450 lbrniliarcrn
714 382 963 461 prudentissime
979 382 1231 450 administrabat
1246 408 1254 460 ;

172 505 206 566 at
230 502 312 567 Creo
326 516 425 586 quum
440 515 505 562 non
517 495 558 563 de
573 493 709 562 l'ortunis
737 493 795 562 sed
809 494 851 561 de
865 494 1120 582 propinquorum
1146 496 1258 562 mori-

172 615 234 683 bus
257 611 409 701 regendis
436 611 594 700 loquatur,
614 611 700 678 buno
723 611 881 699 optimum
909 610 1048 678 civitatis
1075 610 1258 699 praesidem

171 746 245 796 esse
268 726 366 803 dicit,
383 726 436 814 qul
461 725 708 814 sapientissimis
731 724 857 813 legibus
871 723 1003 791 domum
1024 744 1116 791 suam
1141 725 1259 792 conti-

173 838 312 908 nuerit².
329 842 399 928 Ego
427 859 503 907 vero
526 844 655 927 poetam
683 837 830 905 existimo
857 837 1040 905 concordiae
1061 837 1259 905 amantissi—
1282 915 1292 932 .

173 951 301 1030 murn³‚
329 952 397 1020 sire
423 951 552 1029 Cimon,
582 951 649 1019 sive
675 950 815 1018 Perieles
844 950 1077 1037 rempublicam
1112 950 1145 1017 in
1173 970 1260 1038 pace

171 1065 380 1153 gubernaret,
395 1064 562 1153 utriusque
577 1064 712 1152 imperio
727 1064 944 1152 acquievisse;
968 1063 1067 1133 nobili
1081 1064 1167 1131 enim
1184 1066 1259 1132 loco

171 1177 267 1245 ambo
278 1178 400 1265 pariter
412 1177 473 1245 orti
486 1183 590 1255 erant,
609 1198 669 1245 nec
684 1177 801 1244 infimis
812 1177 1059 1245 subserviebant
1073 1177 1259 1265 plebeculae

173 1291 416 1381 cupiditatibus.

217 1434 322 1514 Quum
337 1437 445 1498 tamen
459 1429 606 1519 antiquas
621 1429 711 1518 leges
726 1428 910 1517 patriosque
925 1430 1060 1497 deorum
1075 1429 1157 1497 ritus
1174 1430 1259 1498 Alci·

172 1543 285 1612 biades
299 1564 373 1611 eum
388 1542 484 1611 sociis
495 1542 631 1631 aggredi
646 1541 756 1629 erepit,
776 1541 873 1630 impia
899 1542 1100 1612 tentantibus
1120 1543 1258 1631 Sopho-

173 1658 239 1725 cles
263 1656 403 1725 minatus
430 1661 491 1733 est,
517 1656 736 1744 pietatemque
759 1655 972 1723 sanctissimis
1000 1657 1108 1724 verbis
1135 1657 1256 1744 populo

172 1769 419 1840 commendavit.
443 1771 502 1838 Hic
517 1770 640 1838 scilicet
655 1768 837 1858 llusgrario
852 1768 948 1857 plane
961 1769 1132 1847 assentior,
1154 1770 1256 1859 quiin

175 1883 330 1969 OEdipode
346 1885 494 1968 Tyranno
519 1901 583 1949 non
606 1880 795 1948 nominatim
808 1880 940 1970 quidem
955 1880 1141 1949 lacessitum
1156 1882 1257 1950 fuisse

172 1993 383 2070 Alcibiadem,
400 1993 457 2061 sed
476 1999 543 2061 tam
565 1993 744 2070 manifestis
761 1992 888 2061 indiciis
909 2000 1053 2061 notatum
1069 1995 1254 2074 contendit,

101 2190 103 2194 Α
173 2113 236 2175 uta
248 2107 376 2175 nemine
387 2126 451 2175 non
464 2105 598 2196 agnosci
608 2112 730 2200 posset.
747 2106 824 2187 Quis
833 2105 964 2173 tertium
978 2107 1073 2196 hujus
1082 2109 1257 2196 tragoedia

173 2221 309 2288 chorum
323 2220 451 2309 legens,
470 2219 633 2288 mutilatas
644 2220 792 2289 Mercurii
807 2219 977 2308 imagines,
996 2226 1201 2310 contemptos
1216 2223 1258 2292 ab

173 2334 338 2404 Alcibiade
357 2337 452 2412 Deos,
471 2339 612 2402 aeternas
634 2332 723 2420 leges
745 2339 778 2400 et
798 2333 902 2422 ipsam
926 2335 1036 2422 populi
1053 2338 1259 2424 majestatem

173 2451 357 2542 quotidiana
377 2456 410 2518 et
427 2449 596 2538 tyrannica
611 2449 796 2537 arrogantia
810 2450 951 2517 offensas
966 2471 1030 2518 non
1050 2452 1262 2522 meminerit?

173 2565 331 2634 Praesenti
345 2583 452 2630 rerum
467 2563 564 2630 statui
577 2568 706 2649 poetam
723 2562 864 2631 alludere
883 2563 1001 2651 duplex
1020 2565 1113 2633 nobis
1128 2566 1262 2654 signum

175 2677 315 2745 indicat:
332 2676 437 2764 primo
461 2676 547 2744 enim
564 2674 720 2743 Alcibiadi
735 2681 768 2742 et
791 2675 887 2744 sociis
908 2677 978 2765 ejus
998 2696 1111 2745 versus
1125 2678 1169 2746 illi
1191 2687 1261 2748 tam

93 2875 97 2883 ι
175 2795 250 2877 apte
265 2788 470 2866 conveniunt,
482 2794 518 2855 ut
531 2787 660 2855 nomina
670 2793 796 2854 tantum
806 2787 921 2856 deesse
935 2788 1124 2871 videantur3
1140 2790 1264 2860 deinde

175 2901 353 2991 Sophocles
378 2901 525 2990 quamvis
559 2905 649 2966 extra
676 2892 888 2987 ‘propositum
916 2919 1009 2968 suum
1043 2920 1106 2969 non
1129 2902 1263 2992 longius

176 3022 342 3104 evagetur,
364 3014 482 3082 multas
496 3020 606 3081 tamen
621 3012 664 3081 ibi
689 3012 867 3080 sententias
886 3013 1015 3100 promit,
1032 3016 1150 3083 multas
1164 3017 1264 3086 nobis

177 3135 251 3197 ante
265 3129 377 3198 oculos
390 3127 516 3217 species
531 3127 667 3204 excitat,
685 3146 765 3215 quas
779 3147 843 3194 non
858 3126 927 3214 ipsa
942 3125 1050 3195 fabula
1065 3130 1135 3217 ejus
1149 3131 1263 3200 animo

177 3247 293 3328 sponte
306 3260 485 3329 suggerere
502 3240 629 3330 potuit:
650 3266 663 3300 α
684 3240 868 3317 Insolentia,
894 3240 1011 3328 inquit,
1029 3245 1187 3329 tyrannus
1202 3245 1264 3330 gi-

179 3449 416 3463 --..-.-

214 3594 490 3663 ll‘lut.,inPcriclo‚
508 3614 532 3652 c.
551 3597 594 3652 td.
616 3634 644 3655 =
672 3597 1086 3672 ¹80m..Ann9,v.ooanla.
1115 3625 1142 3647 =
1170 3599 1262 3656 'l'ide

61 3749 64 3755 ι
176 3685 233 3739 illos
248 3682 338 3757 Ajccis
351 3699 441 3739 versus
455 3683 546 3755 quibus
560 3684 692 3756 optimates
707 3687 814 3757 populo,
831 3687 946 3758 populum
963 3686 1124 3757 optimatibus
1138 3688 1261 3757 prodesse

176 3773 302 3834 affirmet,
332 3778 357 3826 et
380 3771 467 3826 ambos
488 3770 597 3827 civitatis
611 3771 712 3827 ordines
732 3780 760 3828 ut
780 3772 911 3830 Menenius
929 3775 1036 3845 Agrippa
1049 3776 1115 3830 inter
1135 3794 1162 3831 se
1177 3786 1261 3835 tentat

176 3859 309 3914 conciliare
324 3859 420 3929 (ajax,
437 3875 464 3914 v.
480 3858 599 3917 158-163
609 3860 628 3930 ).
