2684 4508
570 224 597 235 .-
619 192 652 246 rc
676 225 700 235 ..

95 393 356 478 propugnatores
390 388 489 456 luisse
521 388 794 456 demonstrentur.
829 391 915 455 Unus
940 392 1065 454 tantum
1092 387 1175 454 inter

94 500 236 588 AEschyli
257 500 378 569 amicos
397 501 450 589 qui
469 501 630 588 poeticam
651 501 720 588 eJus
739 498 878 576 laudem,
894 499 1039 587 quamvis
1052 498 1121 586 ipse
1143 499 1175 565 in

93 612 256 701 tragoedia
271 633 334 680 non
348 612 504 702 inglorius
524 633 686 701 nunquam
708 618 875 679 assecutus
892 618 957 690 est,
977 610 1082 678 cidem
1102 611 1178 679 fac-

94 726 176 794 tioni
192 727 389 815 aliquantum
409 726 526 794 lavisse
539 724 677 793 videtur.

142 863 196 926 lon
215 859 353 938 scilicet,
372 859 450 928 Ohio
472 858 575 925 insula
597 863 702 936 natue,
723 877 875 946 magnam
892 856 936 925 ibi
954 858 1028 925 vitae
1050 862 1175 945 partcm

96 973 184 1060 egit,
206 971 366 1039 interdum
388 992 464 1039 vero
485 971 517 1040 iu
540 970 678 1038 Atticam
701 970 815 1038 urbem
838 969 997 1047 veniebat,
1014 990 1085 1058 quae
1102 990 1176 1038 oum

97 1084 186 1154 Chiis
205 1085 407 1153 sanctissimo
425 1084 548 1152 fmdcre
563 1086 674 1172 juncta
696 1083 755 1150 nit
780 1107 786 1150 :
812 1088 891 1151 tunc
909 1083 1086 1172 tragoedias
1100 1104 1175 1151 suas

97 1200 130 1267 in
146 1218 242 1267 scena
256 1197 459 1287 peragendas
474 1197 608 1266 curabat
624 1202 656 1264 et
672 1197 791 1266 lamam
808 1196 869 1264 hac
880 1201 949 1264 arte
961 1196 1099 1285 adeptus
1112 1202 1173 1264 est.

97 1316 203 1392 Ouum
220 1315 328 1378 autem
338 1310 380 1378 ab
394 1308 592 1397 Olympiadis
604 1308 852 1395 septuagesimae
859 1308 965 1376 tertiae
974 1308 1065 1375 initio
1078 1310 1176 1395 (anno

98 1429 175 1491 ante
196 1425 287 1491 J.-O.
312 1422 389 1506 488)
414 1421 454 1489 ad
479 1421 689 1509 octogesimae
712 1440 807 1488 nonae
828 1420 1024 1509 Olympiadis
1045 1421 1177 1489 tertium

97 1557 219 1606 annum
231 1539 322 1625 (ΗΞ)
335 1536 463 1604 circiter
472 1535 597 1614 vixerit,
610 1541 678 1604 tres
689 1536 845 1603 maximos
855 1535 1027 1625 tragoediae
1036 1534 1178 1604 artifices

98 1651 272 1720 convenire
286 1649 407 1738 potuit3
423 1670 497 1717 cum
511 1649 660 1738 AEschylo
674 1648 766 1716 ludos
779 1648 970 1718 Isthmiacos
983 1649 1175 1738 spectavit¹3

38 1752 41 1757 ’
97 1765 292 1854 Sophoclem
306 1764 360 1853 qui
373 1763 617 1832 Atheniensium
628 1763 787 1831 exercitus
804 1763 927 1831 ducens
941 1764 1081 1831 Lesbum
1098 1783 1178 1830 ver-

98 1899 156 1948 sus
170 1879 300 1966 navigat
314 1878 346 1946 in
359 1877 438 1947 Ohio
453 1876 556 1944 insula
573 1875 670 1955 videt,
688 1881 724 1944 ut
742 1876 812 1964 ipse
828 1875 861 1943 in
876 1875 1116 1943 commentariis
1137 1874 1178 1942 de

97 1992 164 2062 vita
179 2012 237 2060 sua
252 1991 380 2080 scriptis
403 1991 583 2059 testabatur
607 1993 705 2079 (anno
728 1989 856 2058 circiter
875 1988 1053 2058 autel-C.
1079 1992 1178 2075 llll²

99 2126 175 2175 cum
190 2104 342 2193 Euripide
354 2105 492 2193 denique
506 2104 631 2192 tragico
652 2103 829 2171 certamine
849 2104 987 2171 luctatus
1008 2107 1059 2171 est
1081 2104 1179 2189 (anno

98 2219 179 2288 ciro.
203 2224 278 2287 ante
303 2209 509 2303 J.-O:l129).
533 2217 615 2288 Olim
638 2237 714 2285 vero
737 2217 840 2285 uictor
855 2217 1038 2284 declaratus
1061 2216 1180 2304 populo

97 2332 288 2401 Atheniensi
301 2331 415 2400 Chium
428 2332 537 2399 viuum
549 2321 772 2401 distribuendo
785 2332 907 2419 gratias
921 2330 989 2420 egit
998 2331 1021 2396 ³.
1049 2333 1097 2397 Ex
1111 2332 1181 2419 ejus

98 2445 270 2536 tragoediis
284 2445 478 2534 paucissima
498 2451 688 2533 supersunt,
719 2445 775 2514 sed
800 2444 826 2512 si
850 2444 1032 2534 fragmento
1052 2442 1180 2511 cuidam

99 2559 316 2636 attendemus,
336 2558 653 2626 Lacedaemoniorum
667 2558 844 2627 admirator
860 2557 960 2625 fuisse
970 2555 1178 2646 judicabitur.

99 2673 175 2742 lllos
190 2673 275 2741 enim
289 2672 491 2741 sermonibus
505 2671 632 2749 breves,
652 2670 768 2740 bellica
782 2671 901 2739 uirtute
919 2691 1022 2749 acres,
1040 2669 1181 2739 consiliis

101 2785 279 2875 prodentes
293 2786 344 2853 his
357 2784 505 2853 uersibus
521 2783 744 2873 praedicavit⁴,

203 3006 251 3072 Ob
268 3001 332 3097 γὰρ
350 3004 452 3086 λόγοις
468 3001 619 3071 Λάκαινα
636 3006 819 3097 πυργοῦται
837 2998 945 3082 πόλις,

199 3109 285 3192 ’All’
302 3119 367 3194 εὖτ’
382 3101 400 3128 Ἰ
410 3133 496 3217 Αρης
509 3121 641 3218 νεοχμὸς
653 3123 772 3222 ἐμπέσῃ
791 3126 937 3215 στρατῷ,

198 3247 299 3324 Βουλὴ
320 3245 370 3342 μὲν
392 3246 492 3341 ἄρχει,
511 3247 578 3341 χέιρ
593 3243 880 3341 δ’ἔπεξεργοίζεται.

141 3609 244 3676 ¹r1ut.‚
261 3609 298 3664 oe
312 3609 387 3681 rios.
404 3609 433 3664 n
451 3608 565 3674 unna,
582 3625 605 3662 ο.
620 3570 646 3662 s.
662 3607 722 3661 un
737 3606 813 3662 enam
827 3608 880 3662 lon.
897 3606 961 3677 frag.
976 3605 1003 3660 n
1017 3605 1082 3661 aior.
1098 3603 1181 3660 bidot.

103 3721 136 3744 =
157 3697 285 3759 ’atham
300 3697 328 3752 L.
344 3698 411 3759 lllll,
426 3714 450 3768 p,
466 3696 527 3755 603.
556 3709 585 3730 =
616 3694 725 3751 ”Schol
742 3693 868 3764 Aristopb.
884 3693 914 3748 ad
928 3693 1001 3759 Poc,
1017 3711 1041 3748 v.
1056 3691 1118 3748 835.
1150 3717 1184 3738 ε

97 3783 115 3814 ·⁴
130 3783 213 3849 sexi„
228 3767 329 3854 rupa.
349 3783 409 3837 fluv.
426 3782 506 3839 natu.
524 3784 554 3838 u.
571 3782 616 3845 aa,
640 3782 707 3837 ons
725 3782 757 3836 n.
772 3781 815 3847 ss,
832 3781 856 3836 n
873 3781 938 3835 otiu.
955 3780 1045 3846 urunt,
1070 3781 1135 3836 inter
1149 3782 1183 3839 f.

103 3881 170 3945 trag.
186 3874 304 3942 anagn.
321 3872 397 3927 edito.
