2684 4508
640 161 836 238 *rar--

179 379 253 446 nure
273 378 330 424 uos
355 356 491 423 maxime
515 354 678 443 adJ'uveut.
709 358 754 421 Ex
778 359 845 422 toto
861 354 984 423 scilicet
1004 355 1123 423 tabulae
1146 361 1260 423 tenore

179 491 273 559 «luam
293 487 465 558 personam
488 467 646 555 spectanti
668 467 803 537 invisam
822 469 872 534 vel
900 467 1112 537 deridendam
1131 470 1260 536 efficere

179 583 254 650 vetit
264 588 359 671 poeta
370 581 578 670 perspicitur,
594 579 665 648 duis
676 581 858 668 praesertim
869 581 1035 669 propriam
1048 581 1139 669 operi
1151 588 1260 649 notam

177 696 341 785 imprimit,
372 699 404 761 et
425 699 521 782 prout
536 694 612 762 boni
631 693 800 761 int‘austive
820 714 927 762 rerum
943 694 1048 762 exitus
1067 694 1187 782 cuique
1201 714 1262 761 ac-

177 798 472 897 tori'assignantuu
490 827 586 896 quam
596 806 723 874 vivendi
739 806 884 895 reguiam
900 807 1018 894 probet
1031 806 1173 897 scriptor
1187 827 1262 874 ma-

181 924 296 992 nifesto
309 930 454 1013 apparet.
473 921 535 990 Sed
549 941 646 1010 quum
668 922 848 1009 fragmenta
862 927 988 987 tautum
1004 920 1124 997 fabulae
1141 941 1262 1009 super-

179 1043 264 1115 suut,
284 1037 337 1104 uhi
353 1041 446 1103 tenor
459 1034 531 1102 ider
545 1034 598 1102 ubi
614 1033 707 1100 linis?
722 1033 775 1102 ubi
789 1033 897 1120 operis
913 1038 1062 1099 summa?

225 1174 313 1241 addc
338 1172 423 1262 quod
456 1170 641 1259 Euripides,
667 1170 852 1258 sophisticis
875 1169 989 1237 studiis
1014 1169 1176 1248 imbutus,
1208 1191 1263 1238 eas

180 1285 276 1353 etium
291 1284 461 1372 opiniones
475 1304 555 1372 quas
570 1283 640 1370 ipse
655 1281 814 1370 repudiet,
839 1281 901 1359 vei,
920 1288 955 1349 ut
973 1282 1115 1350 incertas
1141 1283 1259 1361 adiiuc,

178 1400 304 1468 dubitet
318 1397 481 1486 ampiecti,
500 1418 538 1464 cx
555 1403 690 1484 utraque
704 1403 796 1500 parte
815 1402 922 1465 tamen
936 1397 1057 1465 diserte
1071 1418 1111 1465 ac
1131 1399 1263 1487 copiose
1323 1443 1325 1448 ,

179 1513 382 1602 perpendere
400 1517 498 1579 amat.
518 1511 573 1578 Sin
588 1517 694 1579 autem
718 1531 778 1577 una
794 1516 919 1578 tantum
940 1511 1170 1599 disputationis
1182 1533 1264 1599 par-

181 1627 277 1696 ticula
294 1626 387 1694 nobis
400 1624 519 1693 tradita
539 1623 646 1702 fuerit,
674 1623 774 1690 attera
799 1644 875 1691 uero
899 1625 1028 1703 amissa,
1057 1644 1166 1693 nonne
1189 1646 1264 1692 me-

180 1739 336 1809 tuendum
352 1746 402 1809 est
429 1760 470 1808 ne
494 1748 617 1808 temere
633 1740 717 1809 itlius
732 1742 916 1829 opinionem
932 1742 1137 1811 divinemur‘?
1152 1748 1192 1811 Et
1213 1764 1263 1810 res

182 1855 224 1923 ita
240 1875 276 1923 se
291 1855 422 1938 trabuit3
449 1875 523 1923 nam
548 1855 717 1944 Euripides
743 1855 784 1924 de
808 1856 1008 1943 gravissimis
1021 1857 1263 1946 utilissimisque

182 1973 278 2039 rebus
293 1992 355 2040 non
375 1971 525 2040 dubitare
540 1972 655 2050 selum,
681 1971 737 2040 sed
763 1991 916 2060 perversa
931 1978 965 2038 et
979 1972 1166 2041 civitatibus
1191 1974 1262 2040 exi-

180 2085 263 2152 tiosa
283 2086 439 2173 probasse
460 2086 620 2173 arguitur.
649 2085 782 2168 Quoties
813 2086 911 2174 igitur
940 2086 1103 2174 Euripidis
1131 2088 1262 2176 opinio-

181 2218 254 2266 nem
271 2200 455 2285 conJectura
468 2199 596 2287 assequi
609 2199 819 2277 tentabimus,
839 2219 879 2265 ne
894 2219 993 2266 unum
1004 2199 1183 2268 alterumue
1196 2221 1262 2267 rer·

183 2333 274 2390 sum,
302 2333 342 2380 ne
376 2334 474 2381 unam
496 2315 626 2402 quidem
654 2334 805 2382 versuum
831 2313 947 2380 seriem
976 2313 1178 2392 intueamur,
1208 2314 1261 2382 sed

182 2425 307 2492 eunetis
321 2423 361 2492 de
381 2425 495 2492 eadem
515 2444 549 2492 re
565 2423 712 2493 versibus
726 2425 916 2512 perpensis,
934 2423 1121 2494 dubitemus
1134 2427 1259 2515 potius,

182 2540 208 2605 si
228 2537 420 2606 dubitationi
443 2538 531 2605 iocus
546 2545 605 2615 est,
633 2545 730 2626 quam
754 2538 896 2606 Socratis
911 2539 1014 2606 amico
1038 2539 1146 2627 turpia
1171 2561 1262 2628 prae-

183 2655 277 2736 cepta
306 2649 512 2737 imputemus.
536 2653 626 2717 Hanc
647 2650 806 2719 rationem
830 2670 1027 2739 sequemur,
1042 2652 1109 2719 sive
1128 2653 1171 2720 de
1190 2673 1263 2720 mo-

183 2766 283 2841 ribus,
302 2767 369 2834 sive
383 2767 423 2833 de
440 2767 596 2854 religione
611 2767 797 2856 Euripidem
811 2767 1061 2854 interrogemus.
1136 2855 1147 2867 ἱ

229 2911 340 2996 ltaque
361 2911 533 2995 postquam
548 2905 635 2973 hunc
649 2905 756 2974 locum
782 2905 967 2993 legerimus,
984 2906 1038 2974 ubi
1066 2907 1263 3003 nobilitatem

184 3022 280 3110 longa
303 3019 485 3088 divitiarum
506 3018 711 3107 possessione
733 3024 883 3088 constare
897 3019 1025 3097 dieitur,
1052 3004 1158 3089 haeca
1184 3042 1263 3110 pro-

185 3140 276 3203 tervo
299 3133 378 3202 AEoii
401 3133 465 3201 tilio
481 3132 682 3220 pronuntiari
700 3133 959 3210 meminerimus,
983 3134 1114 3222 jamque
1142 3142 1263 3222 patrem

187 3247 397 3335 probabimus
413 3244 685 3335 respondentem:
707 3273 720 3307 u
744 3250 790 3314 Ne
817 3245 999 3314 divitiarum
1019 3227 1096 3313 mihi
1123 3249 1265 3316 mentio-

188 3379 261 3427 nem
288 3359 405 3441 i‘acias;
430 3363 532 3426 Deum
552 3357 636 3425 enim
661 3377 725 3426 non
748 3358 889 3425 admiror
910 3380 972 3448 quo
994 3359 1155 3447 pessimus
1173 3361 1265 3449 quis-

185 3494 247 3560 que
263 3471 355 3539 facile
371 3472 492 3559 potitur
504 3474 552 3536 ¹.»
575 3475 655 3537 Num
676 3492 787 3538 rursus
803 3478 932 3559 poetam
945 3471 1178 3540 arbitrabimur.
1192 3470 1264 3560 quid

190 3690 432 3707 *n-

229 3839 237 3882 ¹
260 3838 356 3908 Eurip,
373 3836 455 3904 rdet,
472 3837 502 3892 fr.
519 3839 535 3891 d
552 3842 602 3894 et5
