2684 4508
560 220 699 269 -1Ι-

414 511 432 606 ᾖ
458 511 493 582 t.
523 549 571 565 --
598 510 647 582 Dc
673 509 848 604 AEsotytc.
987 562 990 564 ψ

135 756 304 846 AEsoiryius
329 757 493 845 ipserum
517 759 630 824 Persas
653 752 878 844 componendo
897 736 1070 844 optimates
1097 770 1174 823 suos

91 869 244 959 adjuvare
258 867 433 937 instituerit
443 867 654 938 libentissime
667 864 951 956 dubitemiiagua
961 866 1092 956 quidem
1104 873 1174 935 erut

91 984 222 1054 Aristidi
237 991 316 1054 tuuc
328 983 485 1072 temporis
498 980 875 1071 (coronamentorum
887 982 1079 1066 auctoritem
1094 981 1175 1051 ihc·

93 1096 257 1164 mistoclcs
272 1116 349 1164 vcro
363 1098 432 1185 jam
446 1093 795 1185 caecissuspicionibus
807 1093 849 1162 ob
868 1093 1035 1163 avaritiam
1053 1097 1088 1163 ct
1100 1092 1174 1162 ias·

90 1217 159 1280 tum
172 1210 331 1280 obnoxius
356 1230 429 1279 csse
443 1213 601 1298 ooeperat.
618 1210 769 1277 Attamen
795 1207 828 1277 in
843 1207 986 1298 AEschyii
1005 1206 1172 1297 tragoedia

92 1320 136 1389 nii
154 1321 248 1390 video
262 1341 325 1410 quo
335 1320 492 1390 Aristides
504 1339 602 1408 supra
616 1325 754 1389 caeteros
766 1318 948 1389 extollatur
965 1321 1075 1401 Quum
1084 1323 1175 1407 Psyt-

91 1432 179 1503 taiiae
199 1431 313 1502 insutus
337 1433 626 1522 expuguationem,
642 1433 736 1521 cujus
750 1431 867 1503 ducem
881 1432 1057 1517 Aristidem
1076 1431 1176 1502 russo

91 1546 193 1616 refert
217 1546 409 1617 Plutarchus
421 1561 442 1627 ²,
458 1554 552 1618 vetus
568 1552 665 1638 poeta
679 1552 846 1618 enarraret
859 1559 879 1625 ⁸,
895 1545 946 1618 noi
962 1545 1176 1617 Plataeensenr

91 1661 270 1741 victoriam,
287 1661 452 1750 praecipuo
462 1661 546 1731 iliius
558 1682 657 1753 opera
670 1662 817 1740 relatam.
831 1661 998 1750 tingereta
1011 1659 1099 1731 Darii
1108 1674 1177 1730 uma

92 1779 152 1848 bra
163 1778 325 1868 praedium
342 1799 420 1860 uum
433 1779 553 1875 populo
569 1784 602 1850 et
623 1778 762 1868 posteris
783 1778 936 1850 Aristidis
952 1797 1076 1847 nomen
1090 1797 1176 1846 com·

92 1890 248 1960 meudare
261 1891 450 1962 nitebatur?
471 1892 535 1962 Sed
553 1897 709 1984 quantum
725 1891 802 1964 huic
817 1890 988 1981 tragoedioe
1006 1890 1173 1971 defuisset,

91 2024 189 2094 quam
205 2005 319 2074 Attioae
333 2005 419 2074 laudi
432 2005 661 2085 consecrabat,
684 2005 745 2075 nisi
757 2003 916 2094 praeclara
929 2003 1177 2075 Atheniensium

74 2173 77 2178 .
92 2116 248 2186 adversus
259 2115 417 2187 barbaros
431 2123 524 2207 gesta
537 2117 570 2186 in
582 2116 697 2187 eadem
709 2119 780 2187 luce
792 2115 1016 2198 collocavisset
1028 2123 1036 2187 i
1048 2120 1121 2188 Non
1135 2118 1176 2189 ab

92 2230 233 2300 Aristide
251 2231 320 2309 solo
337 2231 416 2310 ,sed
430 2232 473 2301 ab
485 2231 573 2300 omui
588 2230 737 2311 civitate,
753 2230 868 2302 fuisset
879 2231 1058 2302 incusatus.
1074 2220 1176 2305 cata

92 2364 176 2423 rum,
205 2343 368 2434 Psyttalia
386 2349 552 2414 certamen
571 2349 605 2413 et
637 2333 826 2415 Plataeensis
839 2341 986 2413 uictoria
1007 2364 1073 2415 non
1101 2364 1177 2416 ant-

93 2456 230 2546 pliorcm
243 2457 348 2526 iocum
361 2457 405 2526 ibi
419 2457 585 2551 obtinent,
602 2476 699 2547 quam
711 2457 782 2547 ipsa
794 2477 849 2526 res
860 2457 1173 2547 postutarevidetun

92 2574 127 2637 ct
138 2567 292 2659 quidquid
312 2568 545 2638 Themistocles
566 2568 682 2639 callide
702 2568 868 2640 fortitervc
890 2571 1019 2662 peregit
1033 2593 1097 2642 non
1116 2572 1176 2641 mi·

93 2701 173 2752 nore
186 2702 263 2752 cura
282 2702 322 2750 ac
336 2680 508 2771 splendore
527 2681 709 2772 expositum
727 2687 791 2752 est.
808 2683 886 2765 eris
902 2683 1027 2773 perfido
1041 2684 1176 2755 consilio

93 2798 235 2865 Xerxem
246 2796 281 2866 in
296 2795 430 2866 insidias
455 2779 602 2876 adduxit
628 2796 689 2866 nisi
714 2797 947 2869 Tirenustocies
972 2799 1022 2869 vei
1049 2799 1177 2872 Sicinus

92 2905 245 2997 quidam,
276 2907 484 3004 thcmistocli
507 2906 748 2978 amicissimus?
772 2908 851 2991 Quis
870 2910 993 3000 populo
1012 2911 1114 2982 suasit
1140 2916 1177 2984 ut

92 3019 199 3090 Lcurii
214 3019 334 3091 montis
345 3021 478 3091 metalla
490 3021 592 3106 classi¹
599 3022 806 3093 exstruendae
818 3029 852 3092 ct
865 3023 1014 3094 barbaris
1025 3022 1181 3094 arcendis

88 3132 311 3214 adniteretur,
329 3134 390 3204 nisi
404 3135 531 3206 Neoaiis
545 3135 655 3205 fliius?
668 3140 746 3206 ttaec
760 3157 836 3208 vero
846 3136 1019 3226 AEsciryius
1031 3137 1181 3228 egregiis

91 3248 227 3338 atquasi
240 3248 350 3319 diuino
363 3247 479 3339 spiritu
502 3249 620 3319 afflatis
638 3249 813 3325 insitor
831 3256 1076 3324 commemorat.
1102 3254 1177 3322 Non

90 3362 190 3451 igitur
210 3364 350 3452 partium
371 3363 493 3444 studia,
512 3382 573 3433 nec
591 3363 769 3453 justissima
792 3362 923 3455 quidem
941 3364 1090 3437 Aristidis
1107 3365 1173 3434 ud-

126 3803 306 3871 itirgumerot.
333 3800 405 3860 Pero.
434 3839 462 3861 =
490 3805 645 3870 ¹i‘iut.,in
658 3807 752 3871 Arist,
773 3823 796 3863 c.
812 3806 882 3864 9.=
911 3807 1054 3879 ³AEschy.,
1084 3809 1169 3877 Pers,

89 3904 114 3941 v.
132 3887 264 3944 tit-tn.
277 3905 304 3926 =
323 3891 335 3931 ⁶
354 3890 404 3955 id,¹
430 3890 511 3958 inid,
528 3909 551 3948 v.
568 3891 691 3948 805-810
706 3907 733 3929 =
751 3890 763 3932 θ
783 3893 830 3960 td,
852 3893 924 3961 ibid,
941 3911 965 3946 v.
981 3894 1044 3961 355,
1066 3913 1089 3952 r.
1106 3897 1167 3953 238.
