2684 4508
601 199 735 254 ...39-

131 391 196 459 rint
217 412 356 481 unquam
382 397 515 462 Graecos
535 394 710 465 eminuisse
731 395 889 465 cecinit...
915 405 965 459 καὶ
983 388 1211 484 πάντ’ἀρίστῳ

129 512 197 574 τῶν
227 506 434 583 Πανελλήνων
465 514 623 612 προτοῧ“.
646 521 718 587 Mox
746 517 778 584 in
803 518 943 587 immane
964 518 1095 587 Periclis
1114 526 1213 610 caput

128 628 275 717 plebeios
290 629 409 698 Cratini
424 629 508 698 sales
523 630 698 699 Teleclides
713 633 881 714 renorat²;
899 633 1092 722 Hermippus
1102 639 1211 703 autern

126 743 248 831 majora
258 748 373 822 tentat,
391 742 618 812 funestissimis
635 744 823 814 criminibus
836 745 1005 815 clarissimi
1019 746 1078 815 viri
1093 746 1212 815 famam

128 857 307 945 adspergit,
334 857 509 946 impietatis
529 858 698 948 Aspasiam
713 858 892 939 insimulat,
919 883 937 928 a
965 861 1088 931 Pericle
1101 868 1211 931 antem

128 970 288 1058 ingenuas
303 971 454 1039 mulieres
468 977 579 1061 raptas
593 992 632 1040 ac
645 972 835 1062 prostitutas
855 974 973 1064 arguit,
992 994 1053 1043 nec
1067 975 1099 1042 in
1113 974 1213 1043 thea-

128 1089 180 1153 tro
194 1088 332 1162 tantum,
351 1083 408 1152 sed
424 1085 510 1174 apud
521 1085 649 1175 judices
663 1086 861 1155 accusatoris
884 1068 995 1176 partes
1018 1087 1115 1175 agit³.
1132 1087 1213 1156 Fla-

127 1203 245 1286 grante
267 1199 335 1286 jam
353 1197 626 1286 Peloponnesiaco
640 1198 725 1268 bello
740 1204 774 1268 et
796 1201 910 1268 urbem
933 1199 1040 1269 hostili
1054 1201 1209 1279 exercitu,

129 1303 238 1371 hostili
252 1302 382 1370 llamrna
397 1303 560 1392 cingente,
578 1303 777 1394 impudicum
795 1305 963 1384 Periclem,
982 1325 1093 1395 regern
1106 1310 1213 1395 ¹Satp-

130 1436 240 1485 rorum
254 1416 411 1504 increpat,
432 1416 522 1505 quasi
538 1417 687 1505 praelium
700 1424 733 1485 et
747 1417 851 1486 nudos
863 1438 958 1487 enses
971 1419 1089 1508 ignava
1101 1426 1211 1489 mente

129 1529 473 1619 paveat,etaviolento
483 1530 653 1619 plebicola,
663 1530 873 1621 popularique
883 1552 923 1600 ac
935 1531 1076 1601 clamosa
1085 1531 1212 1602 Cleonis

130 1643 271 1712 factione
285 1642 404 1711 frustra
421 1642 610 1732 instigatum
625 1639 779 1711 deridet⁴.
795 1646 900 1724 Quum
914 1644 1073 1712 exstincto
1087 1645 1212 1714 Pericle

99 1830 102 1836 ,
129 1759 232 1845 major
245 1755 478 1845 plebicolarum
489 1755 524 1823 tlt
541 1775 695 1824 numerus
707 1762 741 1824 et
753 1755 900 1834 audacia,
914 1759 1017 1847 major
1030 1777 1159 1847 quoque
1173 1758 1212 1826 iis

129 1869 263 1937 insultat
282 1869 479 1937 comicorum
507 1867 679 1936 exercitus.
704 1867 879 1937 Alcibiadis
907 1867 1056 1941 libidines
1083 1869 1212 1938 Phere-
1293 1958 1297 1970 Ι

130 1988 237 2051 crates
258 1983 469 2063 insectatur⁵;
487 1981 677 2050 Pisandrum
698 1982 787 2073 illum
803 1982 869 2072 qui,
884 1987 1057 2072 antequam
1067 1983 1212 2072 optima-

130 2096 218 2165 tibus
233 2116 292 2185 per
315 2095 364 2163 fas
387 2116 426 2163 ac
445 2097 536 2164 nefas
559 2095 701 2175 faveret,
719 2095 830 2184 populi
844 2095 956 2165 hostes
980 2096 1067 2164 omni
1091 2116 1153 2184 ope
1179 2101 1211 2163 et

129 2231 229 2300 opera
249 2210 451 2299 detegendos
469 2209 765 2303 opprimendosque
784 2210 934 2290 canebat,
952 2230 1049 2300 quem
1061 2230 1139 2278 vero
1152 2231 1210 2278 sua

128 2326 257 2414 ignavia
273 2329 305 2393 et
319 2325 475 2393 indomita
489 2323 558 2393 auri
576 2322 694 2412 cupido
711 2323 964 2403 dedecorabant‚
986 2322 1028 2392 ob
1044 2322 1208 2392 desertam

130 2439 287 2518 militiam,
298 2437 500 2527 Phrynichus
507 2437 637 2527 quidam
650 2437 794 2506 comicus
806 2437 964 2506 acerrime
977 2437 1162 2505 cauillatur6
1178 2442 1210 2504 et

128 2550 239 2640 populi
252 2550 380 2618 simium
390 2553 495 2617 vocat.
511 2549 650 2617 Eosdem
659 2549 803 2638 Eupolis,
813 2548 1020 2638 Aristophani
1034 2549 1168 2640 aequalis
1178 2556 1210 2617 et
1295 2575 1297 2578 ’

129 2663 278 2742 aemulus,
292 2661 416 2731 crebris
429 2662 503 2731 telis
520 2661 675 2730 confodit.
685 2662 886 2732 Alcibiadem
902 2662 935 2730 in
947 2665 1060 2750 Boptts
1077 2683 1209 2732 comes-

130 2784 256 2845 santem
271 2783 303 2845 et
317 2777 448 2845 nefariis
462 2775 648 2846 libidinibus
657 2775 880 2864 indulgentem
892 2777 936 2844 ita
951 2776 1057 2846 vivide
1071 2797 1209 2865 expres-

130 2894 228 2967 serat,
241 2897 277 2956 ut
288 2888 369 2956 iram
387 2887 440 2957 ille
458 2888 624 2956 continere
642 2908 708 2956 non
722 2887 864 2976 potuerit
885 2892 952 2955 eta
970 2888 1036 2956 suis
1055 2888 1209 2957 militibus

130 3023 170 3070 ac
184 3002 290 3070 nautis
304 3005 434 3090 poetam
453 3001 485 3068 in
507 3021 596 3070 mare
614 3001 761 3091 demergi
780 3023 819 3070 ac
837 3022 940 3090 prope
963 3001 1113 3070 suffocari
1132 3004 1209 3091 J'us-

130 3115 239 3182 seritl.
256 3115 451 3183 Demostrati
467 3115 660 3204 cognomine
673 3115 822 3204 Buzygis,
839 3115 893 3203 qui
913 3113 1052 3183 Siculam
1069 3114 1209 3203 expedi-

132 3321 373 3351 ,-.-.-’--.

165 3517 174 3558 ¹
193 3516 309 3573 Cratinus
332 3534 347 3572 a
370 3517 438 3572 Plut.
461 3517 504 3574 cit.
526 3517 551 3573 in
574 3517 650 3582 Cim..
666 3535 689 3573 e.
706 3520 750 3577 10.
779 3535 807 3557 =
833 3519 998 3576 ’Teleclides
1011 3539 1026 3576 a
1040 3522 1108 3577 Plut.
1123 3523 1167 3579 cit.
1182 3522 1207 3578 in

127 3603 278 3665 Pericle&
288 3620 316 3642 =
329 3605 339 3634 ⁸
357 3606 425 3662 Plut.
440 3606 465 3661 in
481 3605 589 3671 Pericle,
605 3605 649 3664 32.
661 3608 710 3645 =⁴
728 3609 818 3664 Herm.
831 3626 846 3665 a
858 3610 926 3666 Plut.
941 3609 984 3665 cit.
1000 3609 1026 3665 in
1041 3609 1146 3675 Perict,
1161 3608 1208 3666 33.

127 3719 161 3740 =
179 3693 188 3720 ⁸
207 3693 284 3749 Pher.
298 3693 331 3749 fr.
346 3693 372 3748 in
386 3694 491 3767 Fropm.
504 3693 592 3752 ccmo.
606 3712 622 3750 a
637 3695 716 3753 Bolbe
729 3695 812 3760 editis,
821 3696 846 3752 in
860 3696 925 3754 Bibl.
937 3697 1020 3762 Didot,
1034 3714 1057 3768 p.
1074 3697 1126 3756 lll
1135 3697 1166 3754 sr.
1179 3697 1205 3753 5.

128 3802 161 3829 =
178 3779 186 3807 ⁸
205 3780 340 3852 l'hryoiclr.
356 3785 377 3832 ἐν
388 3791 466 3834 uem
479 3783 510 3839 [τ.
522 3782 561 3847 2.,
573 3781 604 3838 ab
613 3782 741 3855 Aristoph.
753 3784 839 3840 Schol.
850 3784 921 3841 citat.
932 3785 962 3841 ad
973 3786 1034 3846 Au..
1045 3802 1112 3840 vers.
1129 3788 1208 3845 lla:

129 3865 262 3923 'Platonii
277 3868 349 3924 Prot.
365 3871 384 3925 l.
400 3898 433 3908 —
447 3868 519 3925 Prol.
532 3871 564 3925 lll
585 3862 660 3943 (nihl.
676 3871 778 3943 Didotll
