2684 4508
532 232 690 288 -203—

81 441 89 457 ”
120 428 201 511 Quid
218 449 333 518 nempe
345 449 444 497 unum
458 447 476 496 e
491 428 599 496 multis
620 427 873 502 Atheniensem,
903 446 1000 514 quum
1021 425 1152 494 theatro
1203 446 1206 453 ’

78 540 298 631 egrederetur,
325 542 417 611 alteri
433 560 523 629 saepe
537 539 656 609 dixisse
677 545 798 629 putas‘l
821 540 1053 617 «Ol'acetum,
1076 538 1149 605 aie-

77 654 153 733 bat,
184 654 450 744 Aristophanem!
469 655 547 736 Quis
561 653 685 723 comica
699 652 806 742 palrna
819 673 883 721 non
898 672 971 721 eurn
985 651 1150 720 donaret?

76 770 179 848 Quarn
202 788 254 836 me
281 768 387 857 ipsum
409 767 548 837 libenter
561 767 640 846 risi,
666 772 734 835 tres
750 765 863 836 obolos
882 771 1074 856 aquaestore
1088 784 1152 831 ex-

76 884 349 967 spectantem-et
376 881 573 969 injicientem
599 879 747 959 sacculo,
765 885 798 948 et
812 879 1151 967 hoctantumquaestu

75 993 172 1060 vitam
199 998 446 1062 sustentantem.
465 993 664 1076 Quinetiam
693 993 784 1062 locus
808 992 840 1061 in
869 992 976 1062 lahula
1005 991 1066 1059 fuit
1088 1009 1152 1078 quo

75 1124 127 1172 me
151 1104 295 1193 pudebat
317 1103 486 1193 plebicolis
510 1105 679 1174 inservire.
694 1143 740 1158 -
756 1105 865 1176 Cleoui
893 1104 991 1194 igitur
1004 1104 1154 1194 proxima·

76 1218 233 1286 concione
269 1218 459 1307 suffragium
496 1218 683 1300 recusabis;
719 1239 781 1288 nec
814 1224 882 1287 tres
911 1217 1024 1288 obolos
1058 1215 1152 1285 acci-

77 1328 195 1416 piendo
224 1329 378 1398 ridiculus
404 1329 523 1398 diutius
547 1349 620 1398 esse
643 1331 743 1399 voles.
771 1366 818 1382 -
842 1329 875 1398 si
898 1329 995 1397 ditior
1021 1347 1153 1405 essem,

76 1440 190 1520 fateor,
210 1441 428 1511 mercedulam
441 1463 504 1511 non
520 1443 701 1532 deciperem
717 1468 725 1527 ;
743 1450 776 1513 at
789 1442 986 1533 pauperculo
1001 1459 1152 1510 commo-

74 1554 152 1621 dum
177 1559 227 1624 est
252 1575 291 1623 ex
316 1555 432 1626 aerario
455 1556 579 1635 vivere,
608 1555 737 1645 publica
764 1556 895 1646 negotiu
917 1555 1055 1644 regenti,
1084 1554 1155 1622 du·

77 1687 150 1745 ces,
177 1672 340 1746 oratoreS,
358 1672 539 1756 quaestores
562 1668 732 1756 iudicanti.
757 1672 808 1740 hle
827 1667 1010 1757 praesertim
1032 1665 1154 1755 judicia

72 1780 206 1866 juvant;
224 1778 327 1866 gratis
347 1799 424 1847 vero
439 1779 493 1868 qui
506 1779 653 1867 iudicare
666 1779 790 1849 valeam
803 1786 819 1848 ‘l
834 1781 866 1849 Si
879 1779 1021 1848 inclusos
1034 1777 1156 1866 Sphae-

75 1892 157 1960 teria
183 1892 295 1960 hostes
313 1891 420 1960 Nicias
438 1893 488 1961 vel
505 1892 758 1972 Demosthenes
777 1914 795 1962 a
810 1893 929 1963 Cleonc
951 1911 1016 1961 nou
1031 1888 1153 1979 adjuti,

77 2005 262 2093 cepissent,
291 2005 443 2075 Cleonem
457 2006 652 2075 exercitibus
676 2005 846 2094 praeficere
871 2004 1008 2086 nollem3
1026 2002 1081 2072 hic
1096 2009 1154 2070 ta-

78 2137 153 2184 men
178 2117 310 2206 inopina
333 2120 451 2186 virtute
478 2118 588 2188 utilem
611 2138 683 2187 sese
705 2118 739 2186 in
766 2117 852 2186 bello
879 2116 1031 2206 praebuit.
1059 2119 1153 2198 Quo-

74 2231 138 2299 ties
152 2250 232 2318 ergo
246 2250 321 2299 euru
343 2230 495 2320 judicabo
513 2230 633 2300 civitati
647 2252 687 2300 ac
700 2231 779 2300 rnihi
799 2230 968 2320 prodesse,
989 2228 1153 2318 suffragiis

76 2344 120 2412 illi
134 2364 187 2412 res
201 2343 347 2431 publicas
370 2345 567 2432 permittam.
588 2349 635 2413 Ne
649 2352 756 2414 autem
769 2345 1019 2435 Aristophanem
1043 2362 1152 2412 meum

75 2476 207 2534 vexare,
230 2457 279 2526 vel
293 2477 390 2525 scena
405 2459 588 2538 excludere,
606 2460 657 2528 vel
669 2459 804 2528 Athenis
817 2460 935 2550 ejicere
948 2463 1072 2541 tentet;
1089 2477 1154 2547 quo

75 2569 161 2638 enirn
188 2571 261 2658 jure
283 2590 361 2638 usus
388 2570 593 2639 facetissimis
611 2591 663 2639 me
680 2570 849 2640 comoediis
868 2573 1023 2642 orbaret?
1046 2575 1158 2642 Pero·

74 2665 158 2751 ranti
168 2682 297 2771 quidem
310 2683 342 2750 iu
353 2682 422 2751 loro
431 2683 533 2753 Niciae
546 2683 740 2753 clamoribus
752 2685 925 2775 obstrepo;
940 2686 973 2753 iu
983 2672 1054 2755 foro
1066 2686 1157 2754 euim

75 2795 228 2885 quidquid
242 2795 355 2864 concio
377 2796 525 2885 probavit
538 2850 550 2876 ,
569 2798 677 2865 statim
701 2797 870 2887 plebiscito
891 2797 1022 2868 decerni
1037 2819 1076 2868 ao
1092 2801 1154 2888 ju·
1213 2812 1222 2823 ‘

74 2912 145 2983 beri
154 2918 279 3002 potest;
296 2914 470 3002 propositis
483 2934 560 2983 vero
574 2937 592 2982 a
607 2916 695 2984 Nicia
710 2914 849 2984 decretis
858 2915 969 3005 populi
982 2914 1157 2985 commoda

76 3025 220 3093 imminui
235 3027 322 3094 nolo.
339 3025 403 3094 Sed
416 3027 641 3115 Aristophanis
654 3028 797 3108 consilia,
815 3029 941 3131 etiarnsi
961 3028 1056 3098 valde
1069 3048 1161 3117 pro-⁷

76 3137 153 3207 bata
171 3138 254 3218 sint,
279 3144 452 3229 antequam
467 3139 499 3207 in
513 3139 683 3228 plebiscita
698 3147 947 3222 convertantur,
968 3140 1153 3231 aliquandiu

74 3250 233 3339 perpendi
242 3255 391 3340 possunt.
407 3256 474 3320 Nec
485 3252 563 3320 mihi
577 3252 726 3342 displicet
739 3255 825 3342 quod
839 3254 991 3324 Cleonem
1006 3262 1152 3325 nostrum

74 3360 207 3432 attentis
220 3363 322 3453 oculis
336 3362 511 3432 observent
529 3365 644 3434 cornici
668 3366 788 3456 etquid
802 3367 953 3436 moliatur
966 3389 1019 3437 ure
1034 3369 1152 3458 saepius

74 3476 289 3560 admoneant;
309 3477 371 3546 coli
392 3475 522 3567 quidem
548 3500 566 3546 a
583 3479 701 3548 Cleone
715 3485 748 3549 et
762 3481 885 3562 curari,
906 3489 939 3550 et
961 3482 1066 3573 obolis
1087 3481 1153 3576 do-

74 3594 146 3662 nari
166 3595 259 3673 volo,
290 3616 354 3662 non
385 3600 492 3664 autern
521 3594 628 3686 decipi
649 3603 682 3666 et
707 3599 895 3688 exspoliari,
932 3607 964 3669 et
996 3605 1153 3689 perpetua

75 3708 237 3777 derisione
265 3708 361 3777 eludi.
385 3713 506 3799 Pergat
525 3709 624 3798 igitur
650 3694 882 3801 Aristophanes
900 3713 976 3801 quid
1002 3733 1021 3780 a
1043 3719 1153 3781 nostro

76 3823 209 3910 ingenio
235 3828 268 3891 et
287 3829 451 3890 oratorum
475 3829 658 3892 nostrorum
680 3824 803 3894 artibus
827 3825 1007 3894 cavendum
1031 3826 1073 3895 sit
1096 3845 1161 3895 nos.

77 3937 270 4008 oblectando
296 3938 425 4007 docere.
456 3967 469 4000 »
