2684 4508
651 220 790 271 44..

182 420 259 481 eunt
285 413 499 501 redeuntque,
526 412 663 479 turbinis
689 432 779 479 moro
804 432 821 478 a
843 413 952 500 pneris
975 414 1146 492 concitati,
1167 414 1268 483 litium

180 527 350 624 materiam
359 545 507 616 quarere
517 531 550 594 et
562 545 722 594 consuere
736 525 878 604 student,
890 545 971 614 quas
986 509 1126 596 tortasse
1138 528 1268 598 dicandi

180 640 388 730 peritioribus
417 640 558 708 tradant.
594 639 640 708 llli
674 639 773 729 igitur
797 640 949 708 delationi
975 661 1105 730 quoque
1133 662 1265 730 operam

179 754 268 832 dant,
296 759 329 822 et
352 753 492 841 patrium
512 753 550 821 iis
574 754 757 843 avitumque
779 753 950 823 artificium
971 760 1022 823 est
1044 756 1268 844 sycophantas

179 887 290 956 agere.
312 866 371 936 Vix
391 873 498 935 autem
523 867 676 935 miserum
700 868 909 955 peregrinum
931 867 1134 948 detulerunt,
1159 868 1266 939 Athe-

180 978 293 1068 nisque
326 977 545 1047 damnandum
577 996 823 1066 praeparavere,
852 998 950 1066 quum
981 979 1014 1046 in
1042 979 1185 1049 insulam
1207 981 1267 1069 ipsi

179 1091 418 1181 regrediuntur,
450 1093 496 1160 rei
519 1092 605 1161 hona
630 1091 788 1169 invasuri,
815 1111 952 1180 quorum
975 1091 1117 1180 aliquam
1140 1100 1267 1184 partem

178 1210 227 1272 tot
253 1204 420 1281 laborum,
446 1204 707 1292 indagationum,
733 1204 948 1292 itinerumque
976 1206 1155 1293 praemium·
1175 1209 1268 1275 acci-

179 1319 279 1407 pient.

221 1453 289 1518 Nec
303 1469 376 1517 raro
394 1450 603 1538 sycophantis
627 1450 798 1519 accidebat
815 1455 850 1518 ut
871 1450 1019 1519 civilibus
1034 1445 1202 1538 procellis,
1220 1452 1269 1520 vel

179 1562 381 1630 inimicorum
402 1562 490 1641 odio,
509 1564 559 1630 vel
581 1564 781 1652 improspera
804 1564 1027 1642 accusatione,
1050 1562 1100 1631 vel
1122 1565 1269 1652 quolibet

179 1698 272 1756 casu,
300 1679 412 1766 procul
439 1700 457 1746 a
479 1679 548 1747 loro
572 1679 605 1746 in
627 1679 790 1767 ingratum
812 1678 891 1767 ipsis
912 1679 1013 1746 otium
1034 1678 1268 1768 rejicerentur;

177 1797 247 1860 turn
261 1792 398 1881 quaesita
417 1792 584 1880 perlonga
596 1791 792 1881 judiciorum
807 1791 983 1859 certamina
996 1789 1176 1859 calliditate
1194 1793 1269 1880 pri-

178 1906 261 1974 vatis
274 1906 351 1973 viris
372 1904 526 1993 prodesse
547 1907 728 1984 tentabant,
751 1912 783 1973 et
806 1904 958 1972 mercede
983 1905 1025 1973 ab
1048 1903 1089 1972 iis
1111 1924 1271 1975 concessa

177 2018 299 2086 vivere.
315 2022 420 2099 Quum
434 2018 524 2087 dives
545 2027 577 2086 et
592 2039 700 2090 rerum
714 2018 891 2086 forensium
910 2018 1031 2087 inscius
1046 2018 1135 2086 Crito
1158 2020 1271 2107 pluri-

94 2158 97 2163 ·
179 2150 305 2199 morum
316 2131 446 2201 invidiae
466 2152 505 2200 ac
517 2131 732 2200 delationibus
746 2131 922 2200 obnoxium
938 2151 974 2198 se
986 2129 1073 2218 apud
1096 2134 1270 2201 Socratem

179 2255 385 2336 quereretur,
402 2249 450 2318 vir
471 2249 523 2317 ille
545 2249 690 2338 sapiens,
706 2256 739 2317 et
753 2249 879 2325 amicis,
900 2254 935 2315 ut
946 2248 991 2315 ait
1005 2248 1185 2336 Xenopho‚
1202 2255 1271 2318 tam

179 2360 277 2438 utilis,
298 2382 475 2450 pauperem
498 2363 527 2431 ei
546 2362 784 2430 ltrcbedemum
809 2360 1057 2438 commendavit,
1082 2382 1100 2431 a
1123 2363 1272 2450 quoad-

180 2495 292 2542 versus
307 2475 601 2544 circumvolitantes
619 2474 851 2542 insidiantesve
870 2473 1089 2561 sycophantas
1102 2472 1272 2544 defende-

182 2589 303 2671 retur';
328 2591 433 2678 ipsum
455 2610 531 2658 vero
550 2589 791 2658 rtrolredemum
813 2588 994 2659 delatorum
1014 2588 1122 2657 turbae
1137 2590 1273 2663 Aristo—

181 2704 306 2792 phanes
318 2710 351 2771 ot
365 2703 465 2792 graeci
479 2705 548 2791 eius
562 2703 756 2790 interpretes
769 2700 987 2768 adscribunt2.

226 2840 441 2928 Sycophantis
467 2840 553 2907 unde
574 2840 680 2926 ipsum
703 2857 822 2905 nomen
845 2837 1014 2925 obtigerit,
1044 2846 1077 2906 et
1102 2839 1273 2928 vulgatam

182 2954 268 3023 illam
283 2955 324 3023 de
338 2955 435 3022 vetita
451 2954 570 3021 licuum
584 2958 765 3021 mercatura
782 2951 949 3019 historiam
963 2951 1130 3020 revolvere
1147 2973 1273 3040 super-

183 3067 322 3148 sedebo;
341 3072 373 3134 at
386 3085 444 3135 eos
458 3086 522 3134 non
545 3065 577 3132 in
593 3064 752 3132 comoedia
767 3069 904 3141 tantum,
923 3063 974 3131 vel
996 3063 1028 3130 in
1048 3064 1270 3144 sermonibus,

182 3179 233 3246 vel
254 3180 286 3247 in
310 3178 551 3247 contumeliosis
574 3177 728 3266 iratisque
752 3196 880 3244 reorum
899 3184 1107 3245 oratorumve
1127 3179 1274 3268 querelis

183 3293 227 3361 ita
241 3297 373 3360 vocatos
385 3292 485 3360 fuisse
498 3290 709 3371 crediderim;
725 3310 799 3357 nam
812 3289 888 3356 illud
901 3289 1062 3358 AEscbinis
1071 3291 1159 3378 qnod
1170 3311 1273 3380 supra

76 3449 79 3454 ν
184 3414 353 3483 citavimus
381 3414 519 3482 verbum
546 3407 612 3504 (ph
648 3405 816 3501 μισθωθὲις
850 3407 1117 3502 comparaveram)
1149 3434 1168 3480 e
1198 3413 1274 3503 lege

219 3805 228 3844 ¹
249 3803 378 3872 Xenoph„
400 3799 560 3864 daranah,
577 3801 605 3855 L.
618 3801 650 3864 ll,
665 3817 687 3854 c.
703 3799 729 3856 9.
754 3813 782 3833 =
811 3798 824 3838 2
844 3799 982 3871 aristoph,
999 3805 1024 3854 et
1037 3799 1107 3855 scbol
1123 3842 1129 3862 ,
1146 3798 1171 3854 in
1185 3798 1272 3866 Rom,

183 3905 207 3943 v.
224 3888 285 3944 tra.
