2684 4508
595 224 736 279 ..94-

124 418 239 506 patriar
261 423 293 483 et
315 415 451 482 Graeciae
477 415 575 481 totius
599 434 742 481 amorem
767 414 927 501 exprimit.
961 397 1122 491 «tobis,
1150 415 1203 480 iu-

124 536 206 624 quit,
236 535 368 610 irascor,
397 532 562 608 oGraeci‚
590 531 692 619 quod,
726 531 799 598 licet
827 532 940 600 eadem
970 551 1053 620 aqua
1082 531 1202 598 lustrali

123 671 197 717 aras
225 646 450 734 conspergatis
464 666 484 723 ‚¹
503 646 704 733 Olympiam,
734 644 866 732 Pylum,
899 645 1043 732 Delphos
1062 645 1201 713 fraterna

124 762 314 830 celebritate
328 760 570 847 frequentantes
586 809 593 834 ,
615 778 776 846 quumque
791 779 855 823 non
875 757 982 824 desint
997 758 1110 826 hostes
1124 758 1204 825 bar-

126 877 217 947 bari,
236 880 343 940 tamen
372 872 497 939 infestis
523 871 717 938 exercitibus
745 874 877 938 Graecos
910 878 942 937 et
969 891 1085 938 eorum
1111 871 1204 938 urbes

126 987 371 1077 pessumdatis*⁸
394 1013 407 1045 »
451 989 563 1053 Nonne
599 985 764 1051 Cimonem
796 985 848 1051 liic
886 985 1114 1072 agnoscimus,
1154 985 1203 1073 qui

126 1102 339 1172 Athenienses
353 1100 481 1188 quidem
495 1099 581 1186 turpi
596 1105 728 1165 veterno
743 1103 873 1185 torpere
888 1099 1008 1176 vetuit,
1026 1099 1084 1166 srd
1099 1099 1204 1166 Asiam

127 1225 160 1288 et
175 1220 336 1307 subjectas
356 1216 494 1286 barbaro
510 1216 579 1303 regi
594 1214 715 1282 insulas
733 1214 886 1282 bellicoso
902 1221 984 1282 astu
1007 1215 1205 1282 ferventibus

127 1332 344 1420 designabat?
370 1333 483 1396 Nonne
511 1328 761 1415 Aristophanem
789 1328 964 1414 probamus
991 1326 1078 1415 quod
1094 1328 1205 1415 optimi

127 1445 250 1514 consilii
266 1447 451 1519 auctorest,
471 1447 503 1508 et
517 1440 610 1508 simul
626 1440 824 1507 admiramur
837 1441 922 1537 quod
938 1441 1032 1528 plena
1050 1440 1206 1528 religione

128 1555 287 1624 sententia
321 1561 471 1640 protervo
500 1574 602 1641 nuper
629 1553 857 1641 impudicoque
892 1554 1015 1622 scurrae
1045 1554 1116 1631 siue
1145 1554 1206 1621 ullo

129 1675 247 1737 conatu
263 1674 295 1734 et
309 1667 400 1755 quasi
416 1672 532 1754 sponte
548 1688 605 1734 sua
630 1666 662 1732 in
679 1673 821 1735 mentem
836 1667 945 1735 subire
960 1667 1118 1735 videtur?
1144 1671 1208 1735 Nec

129 1781 319 1869 religionem
338 1780 561 1847 tantummodo
577 1779 860 1868 communiumque
875 1783 1016 1847 beorum
1039 1780 1137 1847 tidem
1153 1781 1209 1847 in-

129 1901 239 1975 rooat;
265 1899 448 1960 mutuorum
469 1892 566 1959 etiam
589 1897 723 1960 renovat
740 1893 919 1960 officiorum
943 1893 1155 1971 memoriam,
1179 1900 1210 1961 et

128 2009 270 2078 Athenas
296 2028 315 2074 a
335 2007 607 2075 Pisistratidarurn
628 2007 798 2094 tyrannide
814 2006 986 2085 liberatas,
1016 2011 1169 2095 Spartam
1192 2030 1208 2074 a

128 2122 260 2190 Cimone
283 2141 357 2188 cum
371 2125 509 2208 quatuor
533 2119 673 2189 millibus
692 2120 823 2187 armatis
847 2127 1008 2188 servatam
1028 2121 1207 2189 celebratl.

63 2251 68 2260 '
127 2238 193 2316 Qua
222 2234 320 2322 igitur
336 2233 527 2321 intemperie
542 2234 674 2321 agitatae
694 2240 810 2322 gentes
835 2240 883 2301 tot
904 2234 1030 2302 vincula
1057 2255 1211 2325 rumpere

128 2347 283 2415 studento
300 2350 363 2414 Cur
376 2347 416 2412 de
426 2344 664 2413 conditionibus
679 2346 779 2433 pacis,
799 2346 847 2412 rel
862 2347 950 2432 Pylo,
969 2348 1019 2414 vel
1035 2349 1208 2425 Echiunte

20 2521 22 2525 .
126 2461 176 2529 vel
191 2459 361 2546 Megaricis
374 2459 536 2527 moenibus
551 2458 757 2527 restituendis
771 2464 838 2526 tam
852 2461 981 2527 subtilia
996 2461 1212 2549 disputaut³t

128 2573 226 2643 blulto
256 2577 391 2660 praestet
407 2570 493 2637 facili
521 2570 628 2637 animo
653 2578 763 2638 mutua
786 2571 846 2639 sibi
875 2574 1078 2651 concedere,
1100 2577 1214 2649 maui-

129 2687 253 2774 busque
279 2683 383 2749 anrice
407 2682 601 2770 conjunctis,
634 2702 706 2750 sese
734 2683 871 2750 invicem
896 2685 936 2751 ad
959 2685 1034 2753 laeta
1061 2689 1210 2764 convivia

129 2818 256 2866 vocare.
270 2801 348 2864 'lum
363 2795 530 2883 utriusque
546 2794 684 2863 civitatis
697 2796 845 2883 proprios
858 2816 1113 2886 communesque
1129 2805 1215 2870 Deos

130 2911 343 2986 cantabimus,
363 2916 396 2976 et
418 2930 456 2977 ea
480 2929 553 2996 quae
577 2909 762 2977 meminisse
782 2909 876 2977 dulce
893 2930 931 2977 ac
957 2911 1114 2980 decorum
1141 2921 1211 2991 est,

128 3025 273 3092 devictos
295 3045 313 3090 a
334 3022 477 3093 Miltiade
493 3027 525 3088 et
541 3022 718 3089 tardatosa
735 3022 875 3090 Leonida
897 3027 1031 3102 Persas,
1057 3026 1216 3095 barbari-

132 3158 268 3227 camque
283 3137 468 3226 superbiam
482 3157 592 3224 graeca
604 3135 721 3203 virtute
736 3156 866 3224 semper
880 3144 1035 3206 retusam.
1049 3144 1116 3209 Hos
1128 3143 1215 3210 enim

132 3251 163 3317 in
189 3230 303 3318 cautus
319 3251 505 3338 Lysistratae
525 3250 632 3317 fabula
648 3249 763 3331 desiit;
787 3251 837 3332 liis
854 3271 926 3320 sese
944 3252 1085 3321 Cimonis
1101 3263 1216 3323 secta÷

130 3373 255 3445 torem,
285 3369 483 3436 Athenarum
509 3374 541 3434 et
566 3367 664 3434 totius
696 3367 832 3435 Graeciae
856 3369 1077 3455 gratissimum
1105 3371 1216 3439 alum-

135 3600 377 3615 ψ-

170 3789 423 3862 ‘Aristopn.,tys.‚
445 3810 468 3846 v.
488 3794 555 3848 trit
570 3801 595 3848 et
614 3811 666 3866 sqq.
696 3810 724 3830 =
753 3795 830 3860 Ἰὼ,
868 3795 939 3861 ibid,
961 3815 983 3849 v.
1003 3795 1168 3856 tim-tlte.
1186 3825 1218 3844 =

135 3877 209 3942 ΞΜ,
248 3878 319 3944 ibid,
339 3879 538 3936 armento.
