2684 4508
634 180 651 186 -
686 153 735 204 lot
777 181 783 185 -

169 345 249 415 sime
264 344 448 414 festinabat.
475 349 563 413 lnter
577 345 647 412 illos
664 349 772 412 autem
799 344 853 433 qui
870 349 1079 432 Protagorae,
1100 342 1151 411 rel
1177 346 1252 410 Pro·

169 459 253 538 dici,
281 459 331 528 vel
356 459 503 548 Hippiae,
521 459 571 526 vel
586 457 714 546 Gorgiae
729 457 892 525 orationes
905 462 995 524 tanto
1017 456 1134 544 plausu
1158 456 1253 524 enci-

168 574 321 663 piebant,
344 575 448 662 ipsam
475 573 691 662 quaestionem
715 572 756 640 de
772 593 835 661 qua
864 571 1030 660 disputare
1058 570 1254 639 videbantur

169 685 325 773 sophistae
350 685 440 754 multi
469 706 584 774 parum
599 685 758 755 curabant
774 708 781 752 :
796 689 905 752 utrum
919 683 1022 752 virtus
1039 683 1152 751 innata
1167 686 1254 751 esset

171 797 372 877 bominibus,
395 818 435 866 an
461 798 610 867 homines
637 798 790 866 virtutem
827 797 937 865 doceri
960 800 1119 885 possent,
1158 796 1254 883 plane

169 910 362 1000 dignoscere
388 931 452 979 non
476 910 651 980 studebant
675 908 875 988 Alcibiades,
918 908 1034 978 Critias
1059 930 1099 978 ac
1126 910 1256 978 Thera-

171 1047 284 1097 menes
300 1028 376 1108 isti,
406 1027 533 1117 imperii
555 1049 652 1118 quam
677 1028 823 1096 scientiae
842 1025 1046 1115 cupidiores;
1076 1023 1135 1093 sed
1156 1029 1256 1113 post-

170 1161 266 1230 quam
286 1148 354 1211 tam
380 1140 508 1219 facilia,
537 1145 604 1209 tam
627 1140 733 1218 varia,
767 1144 833 1206 tarn
860 1136 1040 1226 probabilia
1064 1137 1098 1204 in
1123 1141 1256 1204 utram-

170 1275 233 1346 que
254 1261 381 1345 partem
398 1255 586 1333 audierant,
607 1253 764 1343 optabant
788 1260 824 1321 ut
845 1252 923 1341 ipsis
942 1250 1150 1339 contingeret
1168 1250 1255 1339 apud

171 1367 326 1459 populum
350 1366 400 1436 vel
421 1365 548 1455 judices
569 1386 643 1454 quae
668 1365 729 1436 sibi
753 1364 842 1433 utilia
875 1363 981 1432 forent
1012 1368 1080 1430 tarn
1106 1362 1257 1449 speciose

171 1479 358 1550 defendere.
399 1482 561 1549 Caeterum
589 1477 665 1567 quid
692 1477 733 1546 de
759 1475 857 1545 rebus
878 1476 990 1544 intimo
1014 1480 1150 1563 pectore
1172 1494 1258 1542 cen-

173 1598 283 1662 serent
308 1592 370 1680 ipsi
397 1591 555 1680 sophistae
594 1592 684 1660 libris
711 1590 874 1659 interdurn
907 1589 1126 1678 exponebant.
1169 1591 1259 1655 Tunc

175 1705 247 1774 illos
271 1705 451 1794 apparebat
465 1704 593 1774 dicendi
609 1704 761 1773 facultate
788 1704 832 1771 ita
851 1704 940 1773 abuti
956 1723 1029 1771 esse
1050 1702 1185 1781 solitoS,
1201 1708 1257 1781 ut,

176 1840 275 1909 quum
300 1820 409 1889 omnia
434 1818 543 1888 verbis
568 1818 748 1906 probabilia
770 1817 839 1885 freri
866 1837 962 1906 posse
984 1818 1110 1906 experti
1128 1822 1258 1895 essent,

176 1933 221 2001 nil
248 1953 382 2022 prorsus
410 1939 534 2001 certum
570 1953 609 2000 ac
634 1952 745 2000 verum
772 1932 1033 2001 arbitrarentur¹.
1062 1933 1192 2002 Incitati
1219 1933 1262 2000 ad

174 2046 282 2114 omnia
305 2045 512 2133 disquirenda
535 2045 632 2112 animi
659 2045 752 2112 malis
774 2045 878 2132 primo
911 2044 1117 2134 cupidinibus
1145 2045 1263 2113 indul-

176 2164 306 2238 serunt,
335 2158 574 2227 necimmerito
593 2159 796 2227 multisenes
817 2159 971 2228 dolebant
987 2158 1073 2248 quod
1096 2179 1179 2227 nova
1206 2159 1264 2226 ei-

176 2272 262 2340 vium
277 2278 359 2341 aetas
371 2273 519 2361 antiquas
534 2272 708 2361 religiones
719 2272 952 2367 opinionesque
967 2272 1165 2345 excutiebat.
1188 2277 1264 2341 lam

176 2385 217 2453 de
240 2385 306 2453 Diis
319 2386 464 2474 plerique
487 2385 637 2454 dubitare
652 2391 840 2477 coeperant,
864 2406 928 2453 non
946 2391 982 2453 ut
1003 2390 1106 2454 Deum
1127 2386 1264 2454 unicum

176 2519 249 2568 esse
272 2498 513 2587 profiterentur,
527 2492 529 2499 ’
544 2498 602 2567 sed
628 2505 662 2567 ul
682 2500 781 2568 vitam
807 2500 982 2569 humanam
1009 2506 1042 2567 et
1065 2519 1118 2568 res
1145 2519 1265 2570 omnes

177 2610 247 2678 sine
273 2615 400 2678 rectore
422 2609 524 2678 fluere
545 2615 578 2677 el
596 2612 708 2700 vagari
729 2612 930 2680 crederent².
960 2612 1143 2680 Patriorum
1169 2615 1267 2681 Deo-

178 2743 250 2791 rum
279 2722 450 2792 simulacra
476 2723 649 2811 frangebat
674 2724 880 2803 Alcibiades,
908 2725 965 2793 sed
990 2723 1268 2793 comissabundus

178 2839 256 2908 etin
272 2857 386 2909 ornnes
405 2839 527 2906 effusus
543 2837 721 2907 libidines³.
739 2840 821 2921 Quid
832 2840 956 2928 justitia
976 2845 1010 2908 et
1028 2839 1131 2908 virtus
1151 2844 1268 2908 essent

178 2953 307 3042 plurimi
321 2951 547 3029 disserebant,
570 2952 628 3020 sed
642 2959 678 3020 ul
695 2953 852 3041 justitiam
873 2973 912 3020 ao
937 2953 1088 3022 virtutem
1110 2953 1153 3020 nil
1166 2973 1268 3041 prae-

178 3072 229 3135 ter
252 3067 382 3134 nomina
411 3085 483 3133 esse
511 3071 544 3133 et
568 3065 628 3135 sibi
654 3070 688 3134 et
709 3066 779 3134 aliis
802 3066 1046 3154 persuaderent.
1066 3069 1172 3147 Quum
1188 3070 1268 3135 llle-

179 3180 245 3247 lum
271 3180 408 3248 insulam
435 3179 552 3247 violato
574 3183 648 3269 jure
671 3178 817 3268 gentium
843 3179 995 3248 obsident
1021 3178 1263 3257 Athenienses,

180 3289 334 3360 adversus
364 3292 475 3362 ltlelios
497 3295 564 3380 jam
592 3313 655 3361 uon
684 3292 757 3360 ideo
787 3291 954 3380 disputant
980 3298 1016 3361 ut
1042 3292 1193 3381 injuriam
1220 3293 1266 3361 ab

181 3525 419 3538 -u———un-

215 3735 224 3774 f
240 3732 356 3799 Aristot,
368 3731 399 3787 dc
412 3731 516 3805 Gorpiu.
527 3733 579 3772 =¹
598 3733 652 3789 l'id.
671 3734 735 3789 Gril.
754 3734 778 3788 in
793 3733 857 3791 Bill.
874 3732 928 3789 llid.
940 3736 947 3805 (
958 3736 1046 3803 fragrn.
1064 3735 1263 3807 tragicorum.)

178 3823 267 3891 fragm.
284 3823 310 3878 b.
326 3839 353 3860 =
373 3822 386 3862 ³
408 3821 487 3887 rtur„
504 3821 599 3888 Afella„
614 3840 635 3878 c.
653 3823 694 3878 ro.
