2684 4508
102 583 105 591 ¹
259 657 451 754 cauus
487 627 749 752 rnurruu
780 658 1069 754 nucinum,

626 882 694 892 ..n-—

130 1083 190 1134 CUR
212 1083 358 1142 brunnon
376 1083 460 1133 MUSA
483 1084 515 1132 ΙΝ
535 1083 679 1133 ΤΗΕΑΤΕΟ
702 1085 813 1133 amco
838 1085 1043 1134 orrlnnnleus
1060 1085 1205 1133 nnvnnn.

172 1347 263 1420 Unde
283 1349 404 1417 factum
425 1349 467 1417 sit
481 1355 516 1416 ut
532 1348 586 1438 qui
600 1368 730 1417 scenam
745 1349 884 1418 Atticam
906 1353 993 1417 tanta
1013 1348 1109 1418 laude
1123 1348 1208 1418 iiius

129 1465 312 1541 traverunt,
328 1460 414 1530 bano
427 1461 512 1530 viam
525 1460 662 1551 plebeiis
676 1462 791 1530 studiis
805 1461 965 1530 diversam
981 1467 1205 1552 sequerentur,

129 1599 214 1648 nunc
239 1577 371 1648 tandem
393 1577 572 1668 disquirere
589 1564 700 1648 decet.
728 1583 807 1648 Haeo
827 1579 926 1668 igitur
944 1579 1038 1648 nobis
1065 1579 1208 1668 primum

128 1691 269 1761 occurrit
283 1712 392 1771 eausa,
408 1712 482 1781 quae
496 1691 630 1782 tragicis
645 1691 768 1780 pariter
787 1691 984 1781 comicisque
995 1693 1209 1782 scriptoribus

128 1803 311 1873 conveniat.
339 1804 489 1894 Quisquis
515 1823 632 1893 nempe
663 1803 798 1872 Athenis
825 1802 967 1873 fabulam
1004 1813 1037 1873 et
1067 1805 1208 1874 chorum

128 1937 237 1986 scenae
256 1918 411 1986 inducere
430 1918 575 1997 volebat,
602 1918 631 1987 ei
659 1917 768 1986 statim
792 1938 866 1985 cum
894 1917 1061 1987 ditissimis
1082 1919 1209 1989 civibus

128 2050 181 2099 res
201 2034 286 2108 erat,
315 2029 432 2120 quibus
451 2029 524 2118 iege
552 2029 702 2119 populari
731 2028 888 2098 vestiendi
915 2029 1086 2120 alendique
1117 2031 1207 2100 chori

127 2164 245 2213 munus
259 2148 470 2233 sumptusque
482 2145 752 2232 imponebantur3
770 2144 823 2233 qui
838 2144 978 2233 quidem,
996 2145 1038 2214 ob
1051 2144 1084 2213 id
1100 2146 1208 2234 ipsum

126 2258 212 2349 quod
231 2258 351 2328 divitiis
373 2259 576 2339 eminebant,
594 2259 736 2328 invidam
754 2259 858 2348 plebis
873 2259 1127 2331 dominationem
1143 2283 1208 2331 uon

128 2375 364 2440 consueverant
385 2391 482 2461 aequo
496 2371 603 2441 animo
626 2371 781 2450 tolerare,
801 2377 833 2440 et
848 2371 1080 2462 plebicolarum
1091 2375 1209 2463 jugum

128 2484 342 2554 acervicibus
363 2489 515 2552 excutere
537 2483 734 2572 gestiebant.
764 2488 876 2566 Quum·
887 2492 996 2555 autem
1010 2487 1042 2554 iu
1059 2487 1208 2556 ludorum

128 2602 286 2688 apparatu
302 2617 403 2686 penes
417 2596 603 2689 illosmulta
623 2604 732 2666 essent
757 2619 831 2689 quae
854 2598 951 2688 vulgo
975 2619 1074 2688 parva
1088 2600 1210 2669 viden-

127 2715 191 2790 tur,
205 2711 309 2799 poetis
322 2731 399 2780 vero
411 2711 452 2779 ad
466 2730 641 2800 prosperos
655 2709 836 2780 tabularum
849 2713 954 2781 exitus
968 2733 1124 2801 maguum
1142 2735 1210 2782 mo·

127 2830 272 2893 mentum
286 2825 442 2904 afferunt,
461 2824 555 2894 facile
568 2824 700 2892 credam
714 2825 881 2914 utriusque
895 2847 999 2895 musae
1013 2831 1120 2906 uates,
1144 2848 1208 2919 quo

127 2944 188 3013 sibi
210 2943 337 3032 plenius
363 2947 568 3031 eboreqorum
594 2945 784 3034 (χορηγῶν)
809 2947 1069 3017 benevolentiam
1090 2950 1209 3018 conci-

126 3056 258 3135 liarent,
290 3057 332 3125 ad
350 3056 611 3145 interpretandos
634 3058 768 3128 divitum
791 3058 908 3127 civium
935 3079 1050 3129 sensus
1075 3061 1208 3150 ingenia

127 3169 404 3240 accommodasse.

169 3313 247 3379 Haec
260 3314 371 3380 tamen
389 3314 575 3402 conjectura
593 3313 852 3403 diligentius'res
872 3315 1081 3405 perspicienti
1102 3317 1210 3389 minus

124 3421 277 3511 ponderis
291 3422 413 3492 habere
427 3423 600 3494 videbitur.
623 3428 710 3495 Inter
724 3427 811 3495 enim
825 3432 874 3496 tot
888 3427 1003 3496 divites
1017 3428 1071 3518 qui
1083 3429 1209 3500 'choros

124 3535 284 3606 adornare
296 3537 378 3625 jussi
395 3544 482 3616 sunt,
500 3538 587 3608 baud
601 3539 696 3629 pauci
711 3540 919 3620 exstiterunt,
937 3546 970 3611 et
984 3540 1005 3610 ii
1025 3543 1156 3632 quidem
1173 3545 1209 3614 il·

19 3730 23 3745 ·
47 3677 48 3680 ¹
124 3647 323 3730 lustrissimi‚
343 3651 397 3741 qui
411 3651 532 3740 populo
550 3651 674 3721 adulari
691 3651 849 3732 solerent,
872 3660 906 3721 at
928 3653 990 3723 hae
1002 3655 1052 3724 via
1065 3654 1107 3724 ad
1123 3677 1210 3726 suru-

125 3780 211 3830 mam
230 3761 369 3851 gratiam
393 3762 598 3854 honoresque
620 3763 775 3850 grassari.
801 3763 924 3834 Cboros
951 3765 1204 3849 Themistocles,
