2684 4508
623 152 782 205 -lffi-

163 348 268 417 studia
284 348 496 425 effluxerunt,
513 353 593 436 quot
607 348 740 426 tabulae,
755 346 816 425 vel,
831 353 865 414 ut
879 353 958 415 tunc
971 346 1137 424 dicebant,
1155 369 1250 434 myr-

162 463 243 530 tcric
264 466 336 528 acta
360 465 457 539 sunt,
485 459 541 529 ubi
573 459 768 528 sanctissimi
802 458 976 538 ooelicolae,
998 464 1032 526 et
1059 458 1131 546 ipse
1153 464 1250 546 pater

162 572 307 641 omnium
330 576 417 639 [leus
440 571 574 639 ridicula
597 572 741 660 agebant
753 591 799 643 ¹ac
817 571 1054 660 loquebantur!
1075 574 1169 638 Tunc
1191 575 1249 636 ta-

163 705 238 777 men
253 684 375 753 bomini
392 683 477 751 male
490 683 672 762 evenisset,
693 684 747 772 qui
764 685 821 752 Dei
843 683 1051 771 virginisque
1076 684 1194 752 matris
1217 686 1250 751 et

162 798 383 868 cmlioolarum
406 797 527 866 cultum
546 796 782 886 impugnasset.
799 798 877 879 Quis
893 798 1056 865 fatuorum
1075 797 1250 886 pontifices

162 916 197 979 et
218 901 391 998 episcopos
414 908 559 998 ignorat,
587 909 804 998 scurrilesque
827 930 966 999 pompas
986 910 1091 978 sacris
1118 911 1251 998 pompis

163 1021 386 1092 assimilatas?
409 1024 543 1090 Summo
562 1027 672 1089 tamen
686 1022 834 1090 Pontifici
848 1022 1070 1091 commissasa
1086 1027 1157 1091 neo
1175 1023 1250 1091 meli

163 1135 271 1205 claves
294 1135 410 1224 vulgus
433 1134 520 1203 idem
543 1136 712 1206 exanimo
740 1137 913 1218 credebam
934 1137 1054 1226 quique
1083 1137 1250 1206 fatuorum

163 1248 350 1339 pontificem
364 1247 509 1316 humeris
529 1248 752 1328 sublevarant,
774 1249 825 1319 vel
845 1251 990 1318 dicteriis
1014 1251 1251 1339 cacbiunisque

163 1369 257 1432 erant
269 1362 455 1452 prosecuti,
481 1370 516 1430 ul
538 1363 683 1431 seculare
703 1363 775 1433 orbi
801 1364 978 1434 christiano
993 1364 1114 1433 festum
1135 1366 1251 1434 redie-

162 1482 232 1555 rat,
262 1496 374 1547 rerum
396 1474 514 1543 Christi
535 1474 723 1563 pontificem
744 1477 913 1545 salutaturi
932 1481 1067 1545 Romam
1083 1498 1251 1566 propera-

162 1590 254 1658 bant.
291 1591 383 1656 Nunc
407 1589 505 1660 etiam
535 1590 562 1657 si
585 1590 658 1683 quis
690 1590 921 1678 Neapolitanos
953 1591 1186 1679 alloqueretur,
1217 1597 1250 1660 et

163 1702 365 1793 gravissimis
378 1702 580 1790 argumentis
594 1704 698 1771 sancti
712 1704 854 1772 tannarii
871 1705 1065 1794 sanguinem
1079 1726 1250 1796 nunquam

162 1815 316 1884 divinitus
336 1818 493 1884 effervere
513 1816 769 1896 demonstraret,
794 1818 956 1908 quomodo
969 1825 1021 1887 tot
1044 1840 1163 1888 manus
1186 1820 1250 1889 sibi

163 1930 339 1998 intentatas
358 1936 470 2018 posset
486 1932 660 2018 elingere?
680 1934 721 2001 lt
743 1938 950 2000 cunctantem
963 1934 1153 2002 ianuarium
1165 1955 1253 2023 pro-

165 2042 289 2131 digium
303 2049 488 2131 ostentare,
504 2043 633 2132 quantis
656 2044 862 2114 contumeliis
883 2045 978 2133 plebs
995 2066 1143 2135 pannosa
1162 2068 1253 2117 con-

163 2158 307 2246 spergitt
332 2158 365 2226 Si
386 2157 458 2246 quis
475 2158 616 2247 incaepto
642 2178 701 2225 suo
729 2159 894 2228 coelieolas
919 2160 1146 2239 foveremur,
1171 2169 1255 2250 quot

162 2291 276 2339 cereos
290 2278 366 2339 ante
388 2277 599 2360 patronorum
620 2272 780 2360 imagines
793 2271 971 2342 accendet!
993 2275 1049 2342 sln
1064 2281 1176 2342 autem
1198 2295 1254 2343 res

163 2384 247 2456 male
269 2373 426 2461 cesserit,
452 2384 606 2473 quidquid
625 2405 665 2453 ex
688 2405 801 2453 earum
827 2385 962 2456 historia
982 2386 1106 2456 loedum
1121 2387 1255 2456 ridicu-

165 2498 270 2565 lumve
294 2496 401 2584 colligi
425 2503 534 2585 potest
557 2498 631 2584 pins
649 2498 751 2566 cliens
776 2497 881 2566 ineos
896 2501 1007 2588 jacere
1021 2522 1086 2569 non
1110 2500 1255 2569 dubite-

163 2610 223 2677 bit.
240 2614 308 2680 llac
321 2629 398 2678 vero
413 2629 487 2680 cum
502 2610 624 2678 sanctis
638 2609 855 2679 familiaritate
872 2610 919 2680 uti
941 2619 1112 2703 tantopere
1125 2616 1256 2704 gaudet

164 2722 253 2790 mdis
278 2721 566 2810 superstitiosoque
602 2724 718 2801 turba,
754 2729 805 2801 ut,
834 2724 860 2792 si
891 2743 964 2792 eam
995 2725 1036 2793 ad
1062 2727 1254 2815 graviorem

163 2836 280 2904 summi
292 2835 433 2904 numinis
445 2835 567 2905 cultum
579 2837 743 2906 adducere
752 2837 992 2917 tentaveris,ab
1005 2840 1076 2928 ipsa
1089 2841 1254 2932 religione

162 2949 270 3039 potius
296 2948 428 3016 omnino
460 2948 642 3017 discessura
670 2950 724 3017 sit.
764 2949 882 3019 Atticae
915 2952 1037 3040 pariter
1063 2952 1253 3042 plebeculae

160 3061 336 3133 familiares
351 3065 455 3138 Deos,
481 3067 515 3128 el
533 3061 697 3149 proximos
720 3063 927 3142 mortalibus,
953 3071 987 3137 et
1010 3067 1065 3155 qui
1082 3067 1253 3139 interdum

161 3194 197 3241 se
211 3173 351 3242 derideri
365 3178 564 3263 paterentur,
582 3174 785 3243 necessarios
797 3175 898 3244 luisse
911 3177 1056 3247 credam.

206 3333 288 3416 Quid
301 3353 382 3421 ergo
391 3334 432 3401 de
442 3334 510 3402 Diis
523 3333 757 3422 Aristophanes
769 3334 934 3402 censuerit
943 3336 1011 3423 jam
1024 3335 1115 3423 parvi
1126 3328 1250 3422 relert3

163 3446 264 3525 bunc,
300 3445 327 3513 si
363 3445 460 3524 velis,
500 3445 699 3525 concedam,
738 3466 812 3514 cum
836 3444 941 3514 doctis
970 3447 1073 3528 viris,
1106 3455 1143 3517 ¹et
1175 3450 1252 3541 ipsu

164 3558 332 3647 AEschylm
359 3557 492 3627 delore
510 3558 624 3627 altiom
635 3578 733 3648 quam
753 3558 879 3629 solebat
890 3560 1023 3650 vulgus,
1039 3563 1147 3631 animo
1160 3584 1252 3632 con-

164 3673 311 3761 cepisse;
328 3672 359 3739 id
380 3677 506 3739 tantum
528 3676 657 3739 constat
678 3677 853 3743 etcertum
874 3672 1108 3763 immotumque
1121 3684 1247 3757 manet,

164 3785 327 3874 antiquam
352 3805 426 3853 eum
446 3785 636 3873 religionem
658 3786 779 3853 servari
805 3786 963 3864 voluisse,
987 3788 1073 3855 nulla
1087 3796 1250 3858 externo-
