2684 4508
589 257 617 264 -.
645 225 685 276 in
715 256 737 262 --

214 318 224 347 0

169 420 261 500 Quod
288 419 417 507 quidem
447 419 588 487 nonnulli
611 403 842 507 perseuscrunt
867 416 1112 504 quossincerus
1137 415 1204 481 reri
1258 478 1260 482 Α
1304 503 1309 510 ¹

124 550 215 601 anror
237 533 277 600 ad
298 531 538 621 philosophicas
560 532 801 620 rhetoricosque
820 529 1057 618 disputationes
1071 526 1202 616 agebat.

125 647 156 714 Si
170 667 267 735 quem
281 635 390 714 tamen
407 666 447 713 ex
466 645 708 714 Atheniensium
727 644 822 713 turba
846 645 1083 732 interrogasses
1103 640 1207 731 qualis

125 767 212 830 esset
235 765 385 829 Socrates
411 762 463 829 ille
484 788 497 822 «
515 766 614 834 Unus.
640 761 872 850 respondisset,
899 760 1101 849 esophistis.
1126 763 1206 827 Cum

127 879 315 962 Protagora,
332 875 480 953 Prodico,
498 874 696 963 hutiplronle
716 874 860 960 quotidie
881 872 1035 961 disputat,
1058 872 1125 940 sive
1137 871 1208 959 ipse

125 987 312 1075 disputandi
334 988 502 1055 materiam
528 987 681 1061 attulerit,
699 988 767 1056 sire
782 988 924 1056 oblatam
944 985 985 1055 ab
1006 985 1045 1053 iis
1060 983 1208 1052 maluerit

126 1103 287 1188 accipere.
317 1104 365 1168 De
385 1101 556 1169 virtutibus
570 1121 609 1168 ac
626 1100 711 1169 vitiis
732 1120 846 1169 omues
865 1099 1028 1168 interdum
1049 1098 1209 1186 pulcher·-

127 1215 218 1291 rima,
238 1213 398 1282 interdum
419 1212 557 1282 obscura
572 1212 745 1301 loquuntur
760 1232 832 1301 quae
847 1232 1011 1300 nunquam
1025 1231 1088 1299 ego
1107 1210 1208 1278 intel·-

126 1330 241 1418 ligam;
260 1331 410 1395 Socrates
433 1348 510 1396 vero
525 1328 596 1396 aliis
615 1328 714 1397 multo
729 1325 866 1415 tepidior
892 1332 960 1407 est;
993 1326 1099 1391 minus
1123 1324 1208 1391 euim

128 1442 251 1530 prolixe
275 1446 422 1529 perorat;
452 1442 614 1529 sophistas
649 1439 880 1528 interrogando
908 1456 1058 1506 sermone
1087 1437 1210 1524 saepius

126 1554 238 1632 utitur,
248 1554 299 1621 cui
309 1553 439 1641 quidem
449 1554 696 1643 omuisgeneris
707 1573 760 1621 res
772 1552 896 1630 inserit,
906 1552 983 1618 dum
996 1569 1109 1618 omnes
1124 1555 1210 1617 artes

128 1673 293 1746 recenset,
306 1672 489 1738 ,statuarum
511 1674 546 1735 et
560 1668 839 1745 ollarum‘labros,
868 1667 1033 1734 hominum
1054 1671 1088 1732 ct
1111 1666 1208 1733 boum

128 1780 291 1859 custodes,
307 1781 456 1849 tibicines
475 1788 508 1850 et
521 1781 719 1851 calceatores
733 1801 834 1869 usque
848 1786 960 1867 crepat
970 1783 991 1845 ¹.
1016 1805 1029 1838 n

111 1951 116 1956 ·
171 1924 205 1990 ld
231 1924 360 2012 plurimi
383 1945 423 1991 ex
450 1924 558 1991 infima
574 1923 741 2010 plebecula
757 1921 964 2002 sentiebaut3
988 1919 1019 1987 id
1042 1920 1110 2008 ipsc
1125 1921 1210 1987 hris-

128 2034 297 2123 tophancs,
315 2035 368 2124 qui
384 2036 409 2103 si
424 2033 587 2112 voluisset,
606 2035 748 2103 Socratis
769 2034 1004 2122 disputationes
1031 2034 1211 2121 intelligere

128 2153 161 2216 et
188 2147 339 2236 prudenti
362 2147 516 2235 suffragio
536 2148 676 2236 probare
697 2149 867 2236 potuisset.
896 2149 937 2214 hl
974 2146 1126 2214 ridiculas
1152 2166 1211 2213 sc·
1319 2191 1321 2196 s

127 2262 307 2351 phistarum
322 2261 466 2349 argutias
480 2281 607 2339 exosus,
626 2260 788 2348 simplices
803 2262 960 2349 majorum
976 2280 1093 2338 mores,
1120 2260 1210 2327 anti-

128 2396 225 2465 quam
265 2375 383 2454 vitam,
415 2375 580 2464 religionis
610 2382 644 2442 et
676 2374 835 2444 bonarum
874 2373 992 2440 artium
1026 2373 1210 2440 auctoritati

128 2489 342 2567 submissam,
361 2487 589 2556 commendare
603 2483 727 2557 statuit.
739 2492 806 2556 Nec
819 2489 943 2558 socium
962 2489 994 2556 iu
1009 2489 1212 2577 impugnan-

128 2607 178 2677 dis
201 2607 355 2696 sophistis
372 2609 541 2674 Socratum
565 2607 713 2694 accepit:
738 2606 814 2695 quia
837 2607 890 2674 ille
917 2607 1080 2696 sophistas
1107 2607 1212 2675 ratio-

128 2718 267 2788 cinando
292 2738 441 2808 arguere,
460 2738 524 2786 uon
548 2718 578 2785 vi
600 2719 650 2786 vel
674 2718 814 2786 decretis
839 2720 920 2788 urbe
945 2720 1109 2808 expellere
1133 2725 1213 2786 ten-

127 2832 230 2900 tabat.
252 2831 393 2900 Socratis
411 2836 521 2898 autem
546 2836 737 2918 argumenta
763 2837 796 2899 et
821 2852 987 2901 sermones
1015 2852 1079 2900 uon
1107 2832 1212 2898 miuus

127 2964 211 3012 nova
232 2949 336 3021 eraut,
354 2964 415 3012 uec
435 2942 575 3031 antiquis
591 2941 736 3011 moribus
759 2942 865 3010 minus
884 2943 1092 3012 abhorrentia
1115 2962 1211 3030 quam

127 3058 347 3146 sophistarum
362 3057 535 3126 orationes
563 3055 722 3145 impulsos
735 3057 802 3145 jam
825 3078 905 3125 nova
921 3058 1072 3146 cupidine
1087 3056 1212 3124 animos

125 3170 169 3238 ad
194 3190 306 3238 sanam
330 3169 566 3258 philosophiam
596 3170 649 3237 ille
673 3170 873 3248 hortabatur,
912 3171 1063 3258 prudenti
1091 3169 1211 3260 aurigae

162 3626 170 3666 l
194 3623 319 3693 llcuoph..
340 3623 488 3688 Malueram..
502 3625 531 3682 L.
546 3627 566 3690 l,
583 3643 605 3682 c.
626 3629 651 3682 ⁶2.
665 3627 701 3682 lhi
717 3644 806 3697 uempc
822 3631 949 3688 Charicles
974 3642 999 3690 ut
1012 3636 1105 3693 Critias
1118 3639 1209 3694 Socra-

125 3720 175 3767 tem
191 3718 278 3767 vetant
291 3712 469 3768 similitudines
485 3731 516 3768 ex
530 3716 606 3770 variis
621 3723 646 3770 et
667 3717 798 3774 vilissimis
813 3721 927 3780 artificiis
940 3724 1040 3780 ducere.
1060 3727 1117 3781 lide
1131 3728 1206 3783 ctiam

125 3800 150 3853 in
161 3799 225 3854 Plat.
244 3799 339 3871 Hippia
356 3803 377 3866 l,
393 3801 619 3872 qrraimlignationc
635 3805 737 3860 verbnm
751 3807 876 3875 plebeium
887 3808 963 3863 ollorn
974 3812 1081 3882 excipiat
1094 3815 1206 3885 sophista

127 3888 239 3942 Socratis
251 3887 420 3943 adversarius.
