2684 4508
568 213 709 267 ..⁹23-

102 429 181 498 quas
195 429 274 497 orgo
290 409 380 496 legas
394 407 555 475 interdum
569 407 654 476 lleeti
668 408 829 485 convenit,
857 407 1045 495 plerumque
1073 411 1180 474 autem

101 520 314 591 observandae
333 525 409 589 sunt
429 526 461 588 et
485 540 609 589 summa
635 540 763 607 semper
787 520 994 589 veneratione
1019 517 1178 588 oolondae.

103 633 184 706 lline
205 632 307 722 gloria
330 633 542 711 Athenarum,
563 633 725 722 hinopax,
756 632 832 701 hine
859 632 1058 723 prosperitas
1077 631 1182 700 omnis

103 749 234 839 pendet.

144 889 284 977 AEsohyli
298 889 440 959 oonsiliis
455 908 516 958 nee
528 889 688 977 areopagi
699 890 771 977 jura
786 894 913 958 servata
934 894 1019 967 sunt,
1044 907 1104 956 nea
1125 909 1179 958 no-

102 1004 277 1072 vandarum
293 1023 400 1070 rarum
413 1001 530 1090 eupido
545 1021 705 1090 repressa.
722 1004 770 1072 he
782 1001 892 1070 neseio
905 1022 944 1069 an
965 1002 1061 1091 paulo
1077 1001 1182 1071 serius

103 1117 175 1185 haeo
186 1115 294 1183 sabula
311 1115 441 1183 indueta
452 1113 549 1182 luerit
561 1114 593 1182 in
607 1134 738 1183 scenam
755 1134 873 1202 magna
886 1113 916 1182 vi
930 1114 1182 1203 opportunitatis

102 1230 232 1298 amissa.
248 1232 381 1318 Ignotus
391 1227 521 1317 quidam
536 1228 769 1316 grammatious
781 1227 835 1318 qui
855 1230 985 1296 Oresteae
1002 1247 1184 1317 argumen-

103 1349 170 1410 tum
183 1341 375 1430 composuit,
400 1340 542 1411 seoundo
556 1341 642 1411 illam
660 1341 871 1431 octogesimae
885 1341 1077 1431 olympiadis
1097 1361 1182 1416 anno

101 1453 282 1542 adscripsit,
301 1456 376 1521 ante
391 1452 554 1521 Christum
576 1450 896 1542 quadringentesimo
915 1452 1183 1542 quinquagesimo

104 1587 200 1635 nono
233 1570 272 1635 ht
299 1568 325 1635 si
352 1566 525 1636 Plutarcho
552 1565 725 1644 credimus,
759 1568 965 1656 Areopagum
987 1567 1183 1658 jampridem

104 1680 267 1769 Ephialtes
280 1681 495 1749 imminuerat.
515 1683 619 1762 Quum
634 1679 721 1749 enim
741 1700 760 1745 e
775 1679 958 1770 longinquis
975 1681 1207 1771 expeditioni-⁹

103 1798 164 1866 hus
179 1798 333 1866 adversus
350 1797 483 1866 Thasios
502 1795 785 1892 suseeptisGimon
802 1796 962 1876 rediisset,
981 1797 1184 1885 optimatosa

104 1911 199 2000 plebe
213 1910 349 1999 deprimi
366 1910 552 1998 indignatus
567 1914 627 1987 ost,
646 1912 680 1977 et
693 1914 727 1977 ut
747 1910 917 1998 hreopago
934 1909 1055 1998 judicia
1084 1911 1185 1979 resti-

103 2029 271 2093 tuerentur
283 2025 369 2093 omni
383 2045 446 2113 ope
460 2030 492 2092 et
506 2043 606 2113 opera
630 2023 686 2090 niti
705 2023 815 2110 eoepit.
843 2027 916 2095 hlox
938 2024 998 2114 ipsi
1023 2024 1185 2093 ltaoadae-

104 2137 214 2217 monii,
234 2136 401 2226 repudiato
423 2135 668 2206 Atheniensium
692 2135 822 2214 auxilio,
846 2136 1005 2242 invidiam
1025 2137 1055 2203 in
1072 2137 1185 2207 Cimo-

105 2270 179 2318 nem
194 2249 367 2318 eonllatam
382 2250 429 2319 sio
441 2253 610 2327 auxerunt,
627 2252 662 2317 ut
676 2249 709 2316 in
722 2248 869 2317 exsilium
884 2249 1078 2317 mitteretur.
1096 2253 1186 2319 llano

104 2382 181 2433 vero
196 2363 437 2432 damnationem
449 2382 545 2433 nemo
561 2361 643 2432 ultra
657 2368 806 2450 quartum
820 2363 1073 2451 septuagesimae
1088 2382 1185 2431 nonae

104 2476 296 2566 olympiadis
318 2496 439 2545 annum
463 2477 553 2564 (anto
567 2480 582 2545 J
589 2479 647 2545 .·C.
670 2476 748 2562 lul)
773 2476 864 2545 lastis
887 2476 1002 2547 httiois
1024 2475 1183 2544 inscribit.

103 2590 263 2659 Diodorus
278 2591 436 2679 Ephialtis
456 2590 624 2660 victoriam
639 2589 680 2658 ad
699 2590 837 2679 primam
854 2591 1066 2681 octogesimae
1087 2590 1187 2678 olym·

104 2703 208 2792 piadis
222 2723 342 2772 annum
355 2702 454 2770 refert
470 2704 559 2789 (ante
569 2706 584 2771 J
590 2705 660 2772 .-G.
679 2705 779 2789 l60);
798 2703 848 2771 oui
862 2705 888 2773 si
908 2702 1005 2774 fidem
1018 2704 1187 2793 adjieimus

106 2816 244 2904 AEsehyli
262 2815 424 2903 tragoedia
445 2815 545 2883 multo
568 2815 674 2884 minus
698 2821 900 2904 praepostera
929 2816 1102 2895 videbitur,
1129 2815 1186 2885 sed

104 2952 168 3002 uno
182 2937 291 3002 tamen
306 2951 391 3000 anno
402 2936 476 3020 post
485 2925 670 2999 certaminis
681 2936 831 3000 eventum
843 2930 956 3000 edita'.
970 2934 1078 3020 Itaque
1089 2934 1187 3001 Grote

18 3045 21 3052 '
105 3044 303 3134 amplissima
324 3044 376 3111 illa
395 3045 531 3114 Graeciae
553 3044 686 3112 historia
710 3065 805 3134 quam
830 3045 1013 3114 Britanniae
1038 3064 1187 3115 sermone

105 3161 297 3250 composuit,
314 3159 498 3248 AEsohylum
513 3160 643 3248 oonjieit
655 3159 686 3226 id
707 3164 832 3228 tantum
847 3160 879 3226 in
893 3165 1000 3228 mente
1020 3159 1184 3238 habuisse,

106 3281 142 3345 nt
154 3277 317 3345 ferventes
330 3275 438 3344 adlruo
452 3274 592 3363 pmtium
609 3272 723 3342 studiis
748 3272 846 3341 animi
862 3272 1054 3341 sedarentur
1073 3278 1104 3340 ot
1129 3292 1188 3341 re-

108 3390 181 3459 licta
195 3390 257 3459 sihi
270 3388 498 3477 eaedisjudioia
513 3394 657 3457 servaret
671 3390 880 3477 Areopagus²
893 3410 901 3471 ;
914 3393 947 3455 at
962 3387 982 3454 ii
993 3407 1074 3476 riuos
1089 3406 1187 3476 supra

112 3626 354 3637 auu—...—

67 3854 71 3858 .
147 3808 242 3865 ‘niun
259 3808 321 3874 sia,
335 3807 361 3862 1,,
380 3808 419 3869 xl,
438 3807 468 3859 ll
484 3825 489 3870 3
508 3807 550 3861 hl.
565 3806 645 3862 llidot.
712 3806 823 3871 liliola,
840 3804 959 3858 ilistorioe
975 3818 1076 3875 praece,
1096 3800 1144 3855 rol.
1160 3799 1187 3867 ll,

108 3913 130 3950 e.
147 3896 192 3960 alli,
209 3895 340 3966 piuurrlllhl,
358 3895 380 3948 ln
397 3902 463 3948 nula.
