2684 4508
647 215 803 269 408-

183 431 270 478 nunc
281 409 442 499 quomodo
456 409 611 476 adversus
627 428 782 474 novarum
792 407 980 493 opinionum
990 410 1154 473 amatores
1167 414 1267 474 corta·

182 522 264 590 vcrit
278 522 472 590 intueamur.

228 666 274 730 Ex
287 661 326 729 iis
340 681 414 749 quac
430 665 604 749 supersunt
617 659 733 728 l'abulis
749 658 989 746 fragmentisve
1015 678 1081 725 non
1103 661 1271 747 Protago-

184 795 264 852 ram,
282 793 346 841 non
360 774 513 861 Gorgiam
527 771 729 860 Hippiamve,
744 790 807 838 nou
821 770 901 839 alios
911 769 1099 858 sophisticae
1113 771 1195 839 artis
1208 792 1272 859 pe-

183 887 331 977 regrinos
341 892 491 955 auctores
505 907 544 954 ac
553 886 745 974 principesa
760 884 892 953 comicis
908 884 1075 972 praecipue
1088 885 1273 973 exagitatos

183 1001 283 1069 fuisso
299 1000 456 1068 videmus.
474 999 659 1068 Fecundam
681 1005 789 1067 tamen
813 998 969 1067 risoribus
988 999 1160 1067 materiam
1177 1020 1274 1089 prae-

182 1115 304 1183 bebant
319 1118 496 1181 conventus
511 1111 554 1180 illi
568 1115 731 1201 questam
745 1111 851 1199 lepide
870 1111 961 1178 Plato
976 1110 1195 1199 philosophus
1209 1112 1274 1180 dc-

184 1228 304 1316 pingit:
319 1227 374 1296 ubi
389 1227 512 1294 scilicet
523 1230 718 1314 Protagoras
731 1245 805 1293 cum
815 1224 932 1294 Atticae
948 1225 1129 1310 iuventutis
1143 1226 1228 1294 llore
1243 1227 1273 1293 in

183 1340 265 1407 atrio
287 1339 467 1415 ambulans,
494 1337 706 1406 admiratione
727 1336 882 1414 omnium,
902 1336 968 1406 imo
995 1338 1210 1406 veneratione
1237 1359 1275 1406 ac

183 1474 285 1542 prope
299 1452 406 1520 divino
420 1452 507 1520 cultu
520 1452 703 1534 fruebatur;
722 1451 856 1540 Hippias
866 1456 974 1519 autem
984 1451 1017 1518 in
1028 1452 1160 1522 sublimi
1176 1452 1271 1531 solio,

183 1567 311 1655 tyranni
327 1566 429 1634 instar
439 1567 488 1635 vel
499 1565 602 1634 saneti
615 1565 789 1644 simulacri,
806 1564 952 1644 sedebat,
973 1564 1062 1633 etde
1080 1586 1193 1635 rerum
1210 1586 1275 1634 na-

186 1686 257 1749 tura
278 1680 518 1748 sciscitantibus
532 1685 670 1767 augusta
692 1678 848 1748 fundebat
874 1679 1003 1748 oracula
1018 1685 1040 1745 ¹.
1062 1683 1142 1747 Haec
1159 1680 1276 1748 forsan

186 1795 277 1862 Plato
292 1793 436 1862 comicus
457 1793 490 1860 in
502 1795 653 1879 Sopbtstis
669 1793 838 1881 attigerat,
862 1797 896 1860 et
913 1813 988 1880 quae
1009 1792 1123 1880 paucis
1145 1798 1275 1862 tautum

186 1907 218 1973 in
233 1906 379 1975 conclavi
402 1912 551 1994 spectare
566 1906 708 1975 licuisset
730 1912 920 1975 cunctorum
937 1905 1122 1994 subiecerat
1136 1907 1275 1976 oculis2.

187 2027 234 2091 Ex
261 2023 474 2110 interpretum
497 2043 573 2090 vero
607 2023 935 2111 grammaticorumve
962 2022 1169 2102 testimoniis,
1200 2044 1276 2113 quae

185 2143 298 2227 postea
325 2137 650 2205 commemorabimus
666 2126 721 2224 (in
748 2144 863 2208 octavo
890 2160 1009 2229 nempe
1042 2140 1140 2230 buius
1162 2143 1277 2230 operis

188 2253 330 2340 capite),
346 2253 379 2319 in
394 2256 564 2320 Socratem
574 2251 825 2343 Euripidemque
839 2255 978 2323 maxime
992 2255 1139 2325 saeviisse
1154 2275 1278 2326 comoe·

189 2366 276 2435 diam
295 2370 423 2433 constat
443 2389 450 2432 :
468 2385 530 2432 ncc
543 2365 660 2432 mirum
678 2390 685 2434 :
705 2365 749 2435 illi
773 2367 859 2434 enim
876 2388 952 2445 non,
976 2373 1012 2435 ut
1033 2368 1202 2457 peregrini
1216 2389 1278 2438 so-

189 2478 319 2567 phistae,
350 2478 432 2546 raris
446 2476 559 2545 avibus
573 2478 704 2556 similes,
722 2478 884 2548 interdum
897 2479 1032 2548 Athenis
1046 2481 1275 2568 apparebant;

190 2589 247 2659 sed
262 2591 332 2679 ipsa
347 2590 379 2657 iu
400 2591 505 2657 Attica
524 2590 602 2669 nati,
627 2591 660 2658 in
682 2591 762 2670 loro,
784 2592 816 2660 in
835 2592 906 2671 viis,
929 2592 962 2660 iu
973 2593 1102 2663 theatro
1121 2595 1279 2664 omnibus

190 2704 416 2772 occurrebant.
439 2708 606 2771 Socratem
630 2705 796 2794 praecipue
824 2726 919 2775 nemo
947 2727 1013 2775 non
1042 2707 1181 2778 viderat.
1213 2713 1280 2778 llos

171 2816 289 2906 -igitur
321 2817 568 2886 Atheniensium
604 2820 822 2908 sophistarum
856 2821 1021 2909 principes
1054 2841 1127 2890 esse
1145 2823 1278 2892 ⁴comici

191 2929 368 3008 froxeram
391 2931 452 2999 hos
473 2931 705 3020 aliquantisper
737 2934 942 3022 gravioribus
966 2935 1161 3004 testimoniis
1192 2936 1280 3006 des-

191 3046 313 3134 criptos
334 3047 452 3114 intueri
474 3046 579 3126 decet,
606 3052 778 3136 antequam
796 3047 985 3117 scurrilibus
1008 3047 1134 3116 facetiis
1157 3049 1281 3119 defor—

193 3159 516 3247 matosaspiciamus.

196 3381 435 3393 ———--—-

231 3537 447 3611 relaturum.
460 3538 561 3610 (initio).
576 3557 603 3578 ¹¹
620 3543 632 3581 ²
649 3540 709 3595 Vide
725 3540 789 3597 l’lat.
806 3559 870 3598 com.
889 3541 968 3615 Sopb.
983 3542 1008 3598 iu
1023 3543 1114 3615 lragm.
1129 3559 1196 3599 com.
1211 3545 1278 3602 Bibl.

194 3626 250 3682 niu.
267 3626 385 3692 insertis,
409 3642 467 3698 pag.
485 3629 547 3682 tlt.
