2684 4508
598 198 740 251 -Mt-

128 400 220 471 malis
234 400 275 467 ab
289 399 473 469 incurrente
488 397 580 469 lroste
593 395 688 464 illatis
701 394 762 465 alia
779 393 919 462 remedia
931 400 1097 482 quaeruut,
1114 415 1209 482 prae-

126 522 177 583 ter
189 511 509 582 lacedaemoniorum
524 515 557 578 et
568 513 755 577 Boeotorum
770 507 1035 581 internecionem.
1053 511 1120 575 llos
1132 527 1208 596 quo

126 628 205 694 tidie
226 622 408 712 magnificis
421 621 529 691 verbis
545 624 682 711 juvenes
701 619 875 691 bellatores
895 625 1052 707 pascunt;
1070 619 1133 688 hos
1153 620 1210 687 in-

40 814 46 827 ·
129 737 274 807 credibili
287 736 412 805 fervore
427 733 468 805 ad
486 754 630 823 pugnam
643 733 824 809 Lamachus
840 732 994 801 incendit.
1025 734 1067 801 nt
1081 732 1209 801 illorum

129 869 274 918 errorem
285 848 376 918 nouis
386 848 587 939 argumentis
598 846 691 942 diluit
699 847 942 936 Aristophanem
954 852 1004 929 tot
1012 847 1099 915 euim
1112 847 1210 917 malo

131 983 202 1032 rum
216 963 344 1052 culpam
358 960 644 1031 abacedaemoniis
653 961 686 1028 in
699 960 808 1051 populi
817 959 916 1029 duces
926 960 1090 1039 transfert,
1099 980 1166 1031 uon
1179 960 1212 1028 in

131 1076 285 1167 populum
300 1075 430 1166 quidem
447 1077 545 1162 (nam
557 1073 598 1145 de
618 1073 742 1143 cornico
755 1079 851 1162 poeta
877 1074 948 1162 ipse
959 1073 1212 1162 populusjudi-

132 1190 218 1257 cium
231 1188 354 1257 laturus
368 1189 453 1273 est),
477 1187 533 1256 sed
549 1187 582 1254 in
596 1207 714 1275 pravos
729 1187 815 1257 cives
829 1186 945 1275 quibus
959 1185 1087 1255 turbata
1105 1206 1213 1273 repu-

132 1302 227 1382 blica,
242 1308 277 1372 ut
289 1308 358 1371 tuto
369 1303 488 1380 uiuant,
506 1322 588 1390 opus
602 1308 663 1369 est.
680 1301 736 1371 lsti
753 1306 871 1378 autem,
889 1299 999 1369 neseio
1025 1320 1088 1387 quo
1101 1299 1213 1368 furere

134 1415 166 1491 iu
180 1420 388 1505 Megarenses
401 1414 553 1493 instincti,
569 1412 723 1503 quidquid
734 1418 864 1502 Megara
884 1412 917 1480 in
943 1413 1047 1481 forum
1069 1413 1215 1483 Atticum

134 1527 324 1616 portabatur
337 1525 531 1615 implacabili
549 1525 623 1594 odio
640 1525 866 1595 excludebant.
886 1529 960 1593 Mox
973 1524 1054 1594 ebrii
1075 1527 1215 1612 juvenes

135 1645 358 1728 Megarensem
387 1639 591 1709 meretricem
623 1638 796 1727 abripiunt,
815 1642 1023 1727 Megarenses
1048 1658 1126 1707 vero
1150 1638 1216 1709 duo

136 1751 285 1842 Aspasiae
299 1755 418 1821 scorta.
437 1756 516 1823 Tum
530 1754 573 1823 ob
586 1754 688 1823 levem
702 1753 927 1843 imparemque
942 1772 1073 1823 causam
1098 1751 1217 1840 Olym-

137 1865 210 1955 pius
222 1864 362 1935 Pericles
381 1865 605 1944 exacerbatus,
622 1864 846 1953 interfulgura
868 1865 1071 1954 tonitruaque
1093 1863 1218 1934 adver-

138 1996 193 2047 sus
207 1980 416 2065 Megarenses
427 1977 593 2047 decretum
601 1977 773 2065 jaculatur,
790 1976 875 2065 quod
886 1976 1015 2046 miserae
1029 1976 1119 2064 genti
1139 1997 1219 2044 om-

138 2090 234 2163 nibus
256 2089 335 2159 locis
350 2090 535 2170 interdicat,
559 2095 592 2159 et
608 2092 678 2180 ejus
692 2090 855 2161 mercibus
879 2110 1009 2160 omnem
1036 2090 1219 2178 praecludat

139 2205 281 2277 exitum.
312 2203 536 2275 Esurientibus
574 2225 650 2274 vero
688 2204 784 2272 sociis
817 2203 1052 2279 Lacedaemonii
1076 2224 1221 2275 succur-

140 2321 226 2394 runt,
242 2316 320 2385 boni
334 2316 393 2384 viri
408 2317 539 2406 quidem
564 2323 597 2387 et
622 2317 735 2386 amicis
744 2320 817 2407 iure
834 2317 1040 2406 opitulantes,
1070 2324 1103 2386 et
1128 2318 1222 2406 ipsos
1239 2368 1242 2373 -

141 2399 354 2498 ntlfenienses
369 2428 482 2497 imitati
504 2430 558 2518 qui
579 2430 629 2497 vel
655 2430 820 2497 minimam
847 2429 976 2500 ditionis
999 2451 1068 2500 suae
1092 2435 1221 2518 partem

142 2542 281 2609 maximo
293 2546 450 2630 apparatu
465 2539 642 2608 defendunt
652 2551 675 2607 ¹.
691 2544 736 2608 lta
746 2541 878 2620 bellum,
896 2542 981 2630 quod
996 2561 1109 2610 omnes
1122 2543 1222 2611 histo

143 2655 218 2729 rici,
245 2654 330 2742 qnod
344 2674 402 2721 nos
416 2653 478 2742 ipsi
494 2653 691 2721 recentiores
704 2655 904 2742 gravissimis
914 2655 1019 2724 causis
1031 2661 1138 2722 ortum
1149 2675 1222 2723 esse

144 2767 259 2836 merito
268 2766 461 2856 judicamus,
479 2766 608 2836 solertia
621 2771 740 2855 poetae,
758 2767 798 2835 ad
812 2787 916 2856 nugas
931 2774 963 2835 et
977 2767 1083 2835 inania
1094 2767 1224 2857 redigi-

145 2883 208 2947 tur.
225 2881 272 2946 Ne
286 2878 395 2966 populi
409 2877 615 2946 Atheniensis
642 2885 843 2946 crescentem
858 2897 987 2967 semper
999 2878 1221 2957 ambitionem,

147 3016 187 3064 ne
201 2996 353 3065 Doricum
368 2996 573 3086 lonicumque
597 3017 736 3085 genera,
754 2981 889 3085 quorum
908 3017 1007 3064 unum
1032 2997 1224 3084 optimatum

146 3109 334 3198 potentiam,
345 3109 481 3178 alterum
493 3108 681 3200 popularem
695 3109 925 3201 rempublicam
938 3109 1056 3198 ubique
1068 3110 1167 3188 fovet,
1184 3131 1225 3179 ne

147 3242 265 3311 magna
282 3222 333 3290 illa
346 3221 492 3310 gentium
506 3227 539 3289 et
553 3221 769 3290 institutorum
793 3221 968 3289 certamina
992 3221 1222 3306 decantemus;

147 3355 187 3403 ex
223 3333 413 3402 miserandis
456 3334 675 3422 improborum
707 3333 919 3422 qrrorumdam
956 3335 1225 3404 homunculorum

149 3449 316 3518 calumniis
341 3456 374 3516 et
396 3471 436 3517 ex
460 3449 564 3517 tribus
589 3450 801 3518 meretriculis
828 3455 917 3518 tanta
942 3451 1098 3519 malorum
1124 3454 1227 3522 moles

149 3563 281 3632 exstitit.

153 3757 388 3770 --α-ιι-υι--ι-ν

186 3877 194 3919 ¹
215 3877 353 3950 Aristoph„
369 3875 494 3942 Aebura„
510 3892 535 3931 r.
553 3874 683 3956 Mlti-555.
