2684 4508
450 688 641 783 CAPUT
675 684 966 780 DEClMUM.

268 1049 416 1106 QUOMODO
440 1047 676 1095 nhlsrorunhus
699 1046 872 1093 EUlllPlDEll
897 1044 1143 1092 Exnulrnvnnlr.

661 1233 740 1244 —.-

202 1388 279 1486 §l
311 1433 357 1443 —
383 1390 427 1462 In
454 1387 761 1474 dehortantibus,
791 1389 828 1458 in
855 1387 965 1474 Pace,
991 1385 1028 1456 in
1055 1381 1212 1456 Nubibus

401 1600 411 1614 ,
468 1545 500 1603 ct
527 1530 564 1602 in
591 1530 725 1603 Cereris
749 1527 945 1625 pereipilio.

214 1800 305 1862 llanc
315 1794 453 1863 infensae
479 1793 652 1862 comoediae
673 1791 885 1881 pertinaciam
900 1810 994 1858 nemo
1008 1788 1163 1875 Euripide
1177 1786 1251 1874 ple-

170 1907 241 1974 nius
254 1911 407 1994 expertus
430 1911 491 1974 est.
517 1905 685 1973 Neminem
699 1905 785 1972 enim
801 1902 1071 1992 maioretelorum
1096 1899 1253 1966 varietate

169 2025 274 2107 poetae
296 2017 540 2086 lacessiverunt.
568 2016 667 2086 lllulta
687 2015 816 2104 quidem
832 2016 927 2104 hujus
943 2013 1018 2082 belli
1042 2016 1252 2080 monumenta

170 2131 318 2220 periere;
341 2130 368 2198 si
390 2137 500 2197 tamen
516 2150 553 2197 ea
566 2150 640 2218 quae
655 2149 695 2197 cx
711 2128 927 2216 Aristophane
942 2132 1118 2214 supersunt
1131 2130 1254 2192 attente

172 2247 366 2335 legerimus,
384 2244 576 2313 Annibalem
590 2245 873 2332 Mithridatcmque
886 2243 918 2309 in
934 2240 1167 2330 impugnandis
1177 2234 1254 2307 ¹Ro-

173 2358 278 2425 manis
292 2378 356 2425 non
378 2357 471 2444 plura
486 2357 625 2424 movisse
638 2357 689 2425 vel
703 2356 938 2444 excogitavisse
952 2355 1136 2431 fatebimur,
1158 2373 1255 2442 quam

76 2539 77 2543 ,
174 2469 207 2536 in
220 2468 397 2537 deridendo
412 2467 565 2555 Euripide
579 2468 695 2536 Atticae
710 2468 882 2536 oonoeaiae
895 2467 1087 2555 principem.
1105 2465 1257 2553 Quisquis

175 2586 283 2648 autem
298 2599 336 2646 ea
356 2579 539 2646 meminerit
550 2599 624 2665 quae
638 2577 680 2647 de
694 2580 820 2668 tragico
835 2578 1054 2667 exposuimus,
1071 2597 1136 2646 non
1152 2577 1258 2643 mira-

174 2693 262 2762 bitur
276 2691 361 2781 quod
383 2691 602 2780 sophistarum
621 2693 744 2761 amicus
759 2697 791 2760 et
806 2692 1005 2780 sophisticae,
1023 2699 1059 2759 ut
1076 2692 1120 2758 ita
1135 2691 1254 2767 dieam‚

174 2804 347 2894 tragoediae
365 2805 562 2874 clarissimus
577 2811 690 2874 auctor
703 2811 829 2873 tantum
843 2805 875 2871 in
895 2825 930 2872 se
945 2805 1054 2872 odium
1070 2803 1256 2871 concitavit.

174 2922 242 2987 lmo
268 2919 390 3008 antiqui
418 2920 517 2987 moris
550 2919 777 2989 defensoribus
805 2919 905 2985 multo
936 2919 1041 3006 magis
1065 2937 1163 3006 quam
1191 2917 1259 3004 ipse

100 3041 103 3046 ’
178 3034 328 3100 Socrates
352 3032 523 3120 displicere
542 3033 658 3120 poluit.
685 3032 732 3100 hd
762 3036 886 3100 rectum
912 3032 998 3098 onim
1027 3037 1060 3097 et
1088 3031 1260 3098 honestum

178 3145 338 3222 incertas,
371 3154 407 3214 ut
433 3146 573 3234 primum
603 3146 792 3224 videbatur,
821 3146 963 3213 Socratis
987 3144 1262 3232 interrogationes

178 3257 312 3326 tendere
331 3259 402 3347 quis
419 3280 483 3327 non
497 3260 718 3328 intellexerit?
743 3263 784 3327 ht
804 3280 867 3347 quo
887 3264 1013 3346 spectet
1028 3258 1200 3346 Euripides
1214 3262 1263 3325 tot

178 3370 211 3439 in
229 3376 399 3462 utramque
420 3379 545 3460 partem
563 3372 817 3461 disputationes,
839 3377 906 3439 tam
931 3373 1037 3440 varios
1063 3371 1261 3460 tragicarum

179 3502 391 3572 personarum
411 3504 529 3562 mores,
551 3491 618 3552 tam
639 3485 760 3552 variam
781 3485 940 3551 bonorum
964 3483 1164 3552 malorumve
1191 3486 1262 3554 for-

179 3603 291 3665 tunam
305 3595 480 3686 fmgendo,
506 3597 550 3665 ita
568 3596 771 3674 dubitamus,
801 3604 836 3665 ut
864 3616 938 3664 eum
962 3584 1132 3685 aliquoties
1159 3598 1262 3687 magis

177 3711 359 3801 judicemus
381 3711 534 3780 athletam
559 3711 657 3778 luisse
679 3711 843 3778 Socratica
872 3711 1084 3780 ratiocinandi
1109 3713 1259 3801 palaestra

180 3825 403 3904 exercitatum,
431 3846 526 3913 quam
554 3844 685 3912 graium
713 3823 887 3912 nlilemque
908 3824 1051 3893 Socratis
1068 3824 1257 3913 adjutorem.
