2684 4508
166 1631 241 1705 Non
273 1631 308 1703 in
335 1632 408 1704 loro
434 1642 569 1705 lantum
603 1653 666 1706 nec
696 1631 731 1704 in
759 1631 910 1723 circulis,
937 1631 1000 1706 sed
1031 1631 1136 1706 eliam
1160 1630 1195 1705 in

115 1754 271 1843 lbealr03
293 1775 364 1826 non
388 1775 409 1826 a
433 1750 515 1825 solis
539 1752 734 1826 oratoribus
754 1752 955 1843 ducibusve,
974 1753 1032 1828 sed
1053 1754 1159 1828 etiam
1178 1778 1199 1829 a

116 1876 228 1973 poetis
266 1874 410 1950 consilia
441 1898 558 1949 rerum
589 1875 945 1951 administrandarum
972 1876 1199 1953 Athenienses

116 1993 314 2092 quaesivisse
328 1993 463 2069 insrnila
477 1996 636 2093 exempla
644 1996 883 2094 comprobant.
892 1996 942 2070 De
958 1996 1100 2073 comicis
1115 2021 1201 2096 prae·

116 2116 236 2197 sertim
261 2141 363 2192 nemo
382 2117 539 2193 dubitare
559 2129 682 2215 polest,
702 2119 787 2216 quin
805 2142 880 2193 sese
899 2119 1019 2217 populi
1035 2119 1198 2195 consilia·

117 2238 186 2313 rios
208 2261 284 2313 esse
304 2238 482 2314 declarent
499 2238 603 2313 simul
625 2251 660 2314 el
677 2239 885 2338 glorientur3
905 2240 972 2338 ipsi
991 2239 1084 2314 enim
1103 2240 1199 2315 mul·

117 2373 230 2435 larum
274 2361 523 2437 comoediarum
571 2362 659 2437 liluli
696 2362 855 2460 publicas
892 2387 948 2438 res
984 2362 1019 2435 in
1053 2362 1108 2437 bis
1144 2364 1199 2459 agi

118 2482 326 2582 significant.
341 2485 434 2559 Raro
449 2484 592 2581 quidem
607 2485 727 2583 tragici
741 2498 851 2584 poelae
872 2488 1052 2585 populoso
1070 2487 1198 2585 aliquid

117 2631 283 2710 suasuros
323 2610 672 2685 commendaturosve
711 2621 782 2684 lam
822 2622 957 2708 aperte·
976 2609 1198 2707 profitentem

117 2752 285 2827 quorsum
311 2744 428 2805 aulem
455 2743 503 2805 lot
536 2731 728 2806 sententies,
746 2730 973 2828 pertinerent,
1001 2730 1071 2805 sive
1102 2731 1198 2805 ebori

118 2852 344 2943 carminibus,
365 2853 435 2928 sive
463 2853 605 2928 alternis
638 2877 867 2952 personarum
893 2854 1114 2928 sermonibus
1141 2854 1204 2926 in-·

119 2986 230 3065 serlae,
249 2974 316 3050 nisi
343 2975 471 3074 populo
491 2975 619 3073 aliquid
645 2975 804 3073 probare,
823 2975 976 3074 aliquam
995 2975 1128 3051 vivendi
1148 2975 1198 3048 vel

118 3119 175 3170 res
206 3119 287 3171 suas
316 3095 457 3193 gerendi
490 3120 650 3171 normam
676 3096 902 3194 praescribere
925 3097 1139 3172 voluissenl‘l
1158 3097 1201 3172 El

119 3218 206 3293 illud
224 3219 340 3316 ipsum
364 3219 594 3316 quadrarum
621 3219 782 3310 dicimus,
797 3230 957 3317 apertum
978 3218 1109 3295 scilicet
1135 3243 1199 3317 po-

120 3344 241 3440 pulum
259 3345 425 3419 edocendi
446 3345 643 3436 consilinm,
662 3345 697 3419 in
717 3346 928 3444 quibusdam
945 3345 1131 3444 tragoediis,
1151 3346 1201 3419 vel

120 3466 238 3541 leviter
265 3465 476 3543 intuentium
501 3466 612 3543 oculis
643 3478 797 3565 apparet.
818 3466 1011 3542 Verisimile
1035 3488 1116 3565 ergo
1146 3466 1199 3539 vi-

121 3588 222 3663 detur
240 3587 277 3661 in
296 3611 413 3679 scena,
431 3600 471 3664 ut
488 3589 524 3663 in
544 3591 629 3680 loro,
649 3613 772 3666 omnes
794 3590 962 3665 sactiones
988 3589 1202 3678 decertasse

122 3710 277 3785 Cimonis
297 3735 337 3786 ao
357 3712 511 3804 Periclis,
529 3711 649 3804 Niciae,
671 3712 860 3788 Alcibiadis
885 3723 919 3787 el
937 3710 1075 3787 Cleonis
1095 3710 1203 3808 ipsius

124 3835 266 3926 anricus,
285 3860 427 3913 cansam
449 3862 549 3913 suam
569 3861 630 3936 per
645 3839 778 3939 fabulas
793 3839 886 3935 apud
906 3838 1075 3936 populum
1095 3837 1203 3935 egisse
