2684 4508
587 259 618 266 -
645 227 691 280 3331

130 420 211 489 illum
227 423 378 510 Polynice
393 422 492 489 multe
509 424 701 491 atrociorem
716 425 829 512 lingit,
849 432 881 492 ot
893 426 967 493 odio
984 426 1093 493 uestro
1108 426 1207 493 multo

129 535 307 624 digniorem
322 541 337 602 1

168 674 217 744 Ad
238 673 324 742 illam
348 695 424 742 vero
448 677 609 762 Supplices
621 675 786 763 paulisper
805 653 993 754 redeamus.
1007 694 1104 765 quam
1126 696 1210 764 pro-

127 788 203 876 priis
216 791 324 875 poetae
339 787 507 854 sententiis
521 786 594 856 ideo
608 787 789 875 pleniorem
802 788 962 866 existimo,
985 787 1070 876 quod
1084 786 1210 876 tragico

126 901 232 969 eolore
254 919 294 968 ae
318 904 407 975 motu
431 900 634 988 saepissime,
672 907 706 970 et
731 901 823 990 quasi
860 901 1027 979 consulto,
1057 887 1211 969 destituta

127 1018 187 1082 est.
224 1011 342 1093 Quales
383 1018 493 1081 autem
533 1013 578 1081 ibi
614 1013 709 1082 viros'
733 1013 876 1082 13331311
929 1017 1009 1095 Quae
1058 1013 1213 1102 proponit

127 1125 252 1194 eivibus
265 1125 494 1214 exemplaria?
518 1115 632 1195 Nonne
657 1126 896 1195 honestissimis
919 1126 1050 1196 dotibus
1074 1127 1212 1215 Argivos

127 1233 236 1308 duoes
252 1238 379 1307 oeeisos
406 1246 566 1318 exornat,
593 1239 752 1308 modestia
785 1239 932 1318 seilieet,
958 1245 992 1308 et
1016 1247 1213 1310 mansuetu—

127 1352 212 1430 dine,
228 1356 262 1419 et
281 1370 337 1418 eas
337 1350 480 1419 titate1‘l
507 1354 621 1420 Nonne
641 1352 818 1440 superbum
833 1355 994 1439 Capanea,
1007 1373 1104 1442 quem
1126 1352 1212 1420 31113

122 1472 205 1537 love
230 1466 296 1535 ob
288 1465 386 1554 impie
386 1471 488 1534 tatem
506 1466 827 1555 muletatumdepin„
809 1473 908 1546 runt,
936 1488 1032 1556 quem
1047 1468 1117 1559 ipse
1143 1467 1212 1536 ful-
1300 1511 1306 1524 ·

129 1580 214 1648 mine
227 1580 326 1648 ietum
342 1599 407 1646 non
427 1585 546 1667 negat,
564 1579 745 1649 incredibili
761 1586 871 1649 tomen
886 1601 965 1670 erga
978 1601 1091 1649 omnes
1105 1579 1214 1650 eomi-

128 1700 195 1763 tate
224 1689 431 1762 commendat
466 1700 499 1761 et
531 1694 659 1761 sineere
686 1694 720 1760 in
757 1695 879 1763 amieos
908 1694 1046 1763 studio?
1072 1699 1214 1763 Honesta
1260 1756 1264 1763 .

129 1812 228 1901 igitur
241 1811 413 1900 Euripides
437 1813 574 1903 probat,
605 1818 637 1880 et
652 1812 739 1882 adeo
763 1834 825 1881 uon
843 1819 978 1884 eunetos
998 1813 1039 1882 331
1054 1813 1214 1904 sophisti-

130 1947 201 1994 oam
215 1925 347 1994 dicendi
367 1926 418 1994 vel
437 1925 624 2015 disputandi
643 1931 747 1995 artem
764 1927 923 2006 bortatur,
951 1932 988 1996 ut
1013 1932 1125 1996 eontra
1146 1931 1214 2016 Ty-

129 2039 227 2108 deum
254 2027 384 2120 laudet,
416 2059 532 2128 parum
553 2039 710 2109 disertum
735 2040 884 2129 quidem,
915 2040 972 2109 sed
999 2040 1126 2110 bellicae
1153 2040 1215 2108 arti

130 2152 352 2241 aptissimum,
370 2157 404 2221 et
428 2153 461 2220 in
486 2152 625 2242 quodam
648 2153 832 2242 fragmento
854 2152 1002 2223 bellatori
1028 2153 1215 2222 sermonum

130 2267 325 2355 elegantiam
349 2286 465 2355 parum
489 2267 643 2336 deeoram
668 2286 741 2336 esse
771 2267 887 2335 dieat2.
916 2272 1080 2336 Novarum
1103 2272 1213 2336 tamen

130 2379 311 2448 studiorum
327 2378 477 2449 inimicos
499 2400 564 2449 non
586 2380 750 2469 sapientes
773 2380 839 2449 illae
857 2379 1020 2472 Euripidis
1042 2379 1215 2449 sententiae

130 2491 210 2560 satis
224 2490 398 2578 placabant
414 2515 421 2559 :
442 2517 456 2554 ‹
475 2494 539 2560 Gur
552 2493 658 2572 enim,
689 2492 900 2582 inquiebant,
916 2497 965 2561 tot
980 2491 1107 2560 diversa
1123 2511 1215 2580 repe·

130 2605 257 2673 riuntur
271 2604 304 2670 in
319 2604 415 2693 lruJ‘us
435 2605 849 2691 tragoediisdoeumenta‘l
870 2610 934 2676 Gur
951 2605 1048 2684 inde,
1074 2605 1163 2674 velut
1176 2624 1216 2673 ex
1300 2657 1303 2663 .

130 2723 244 2806 operto
265 2719 415 2787 omuibus
441 2719 714 2797 armamentario,
738 2719 833 2787 bonis
859 2719 993 2788 malisve
1011 2719 1075 2786 tela
1100 2718 1216 2808 depro-

132 2851 222 2900 mere
237 2831 338 2900 lieett
354 2832 480 2900 Nullam
494 2851 558 2900 non
576 2830 729 2899 virtutem
742 2831 885 2921 egregiis
896 2832 1056 2900 versibus
1059 2851 1216 2921 praeeep-

131 2945 238 3036 lisque
265 2945 496 3028 commendam
531 2935 654 3014 nullum
682 2965 796 3014 rursus
818 2945 864 3014 vit
865 2945 931 3014 ium
958 2946 1009 3014 vel
1035 2945 1144 3014 scelus
1164 2944 1216 3014 his

121 3061 302 3132 ⁴sententiis
317 3083 381 3131 non
396 3068 544 3142 excusat,
568 3083 642 3154 quae
655 3067 723 3131 tam
743 3063 789 3131 13
774 3068 809 3131 e
834 3068 891 3151 pat
892 3068 967 3143 ent,
997 3067 1066 3131 uta
997 3061 1216 3151 3333313-

133 3174 216 3241 simo
231 3193 358 3261 quoque
381 3173 470 3242 velut
483 3174 567 3243 mole
580 3174 709 3243 vivendi
733 3174 882 3243 formulae
896 3173 1045 3263 usurpari
1060 3172 1216 3263 possint?

134 3285 216 3368 Quid
235 3285 370 3375 prodest
391 3287 547 3356 soilieeta
571 3307 757 3357 sermonum
776 3287 954 3357 subtilitate
968 3291 1001 3355 et
1028 3287 1127 3356 nimia
1143 3287 1217 3357 ele-

131 3399 244 3486 gantia
258 3398 376 3467 milites
386 3398 562 3478 deterrere,
572 3399 599 3467 si
612 3399 804 3468 fortissimos
814 3399 932 3468 heroas
943 3398 1217 3487 disputationibus

132 3638 374 3651 ——.---

172 3795 1299 3894 1113313,83331,8611-91513311333313331311333133313311311.,’

133 3908 206 3964 AEol.
213 3910 265 3974 ‚fn
281 3909 307 3964 6.
