2684 4508
584 224 738 279 -135-

125 438 188 485 non
219 417 341 506 possit;
372 417 425 485 ubi
450 424 559 485 autern
589 419 729 505 optimos
756 419 825 488 illos
853 419 997 507 plebeios
1033 423 1205 509 reperias?

126 531 181 600 llis
196 536 314 619 nempe
329 531 361 598 in
387 531 496 619 agris,
528 530 614 598 unde
640 533 731 619 pacis
757 533 899 602 fautores
918 535 1054 603 arcessit
1076 535 1207 604 Aristo-

124 645 251 734 phanes
273 664 280 707 :
309 644 361 712 lric
386 651 552 712 strenuum
574 644 801 734 integrumque
820 647 897 714 vivit
918 646 1084 716 bominum
1102 634 1207 737 genus

124 759 178 848 qui
193 780 247 829 rus
263 759 324 846 ipsi
340 759 450 827 colunt
464 810 473 834 ,
503 765 535 827 ct
567 780 640 827 raro
668 759 700 826 in
720 761 800 829 urbe
821 781 861 829 ae
875 761 1086 831 concionibus
1100 782 1208 850 appa-

126 880 222 950 rent,
254 871 311 940 sed
337 872 463 962 quoties
491 893 543 940 res
574 873 643 962 ipsa
671 873 813 963 flagitat,
841 873 1041 962 sapientibus
1068 875 1209 944 consiliis

126 986 359 1074 rempublicam
374 1005 503 1054 servare
517 988 623 1076 parati
637 993 712 1055 sunt
724 986 745 1054 ¹.
763 988 897 1057 lnvidiae
913 1009 990 1056 vero
1005 996 1039 1056 et
1052 989 1207 1057 malarum

126 1097 338 1186 cupiditatum
361 1103 528 1186 expertes,
556 1100 723 1188 superiore
745 1101 814 1168 loco
833 1106 922 1168 ortos
937 1107 1125 1170 reverentur
1150 1121 1210 1168 nec

126 1231 165 1278 ea
192 1210 356 1299 accipiunt
383 1232 454 1300 quae
473 1212 570 1300 justis
593 1212 733 1281 dominis
760 1213 914 1303 subrepta
945 1214 1070 1303 tyranni
1099 1213 1208 1302 largiri

126 1321 258 1392 velint2.
1118 1318 1123 1327 “

173 1471 251 1536 llaec
266 1472 342 1535 sunt
356 1487 430 1556 quae
444 1465 484 1534 de
506 1467 671 1555 republica
685 1468 876 1557 plerumque
895 1472 1007 1535 censet
1021 1465 1207 1554 Euripides;

127 1580 294 1649 latendum
308 1586 416 1647 tamen
437 1600 510 1647 cum
535 1580 567 1647 in
590 1580 705 1649 iisdem
728 1580 896 1649 sententiis
921 1585 1126 1649 constantem
1147 1600 1211 1649 non

126 1692 240 1760 videri.
264 1692 451 1780 Sapientem
474 1692 584 1781 populi
605 1691 870 1770 dominationem,
893 1692 943 1760 vel
966 1699 1055 1762 certe
1076 1692 1210 1759 mixtum

128 1807 267 1874 maxima
281 1804 431 1873 libertate
448 1812 480 1874 et
494 1805 638 1873 omnium
653 1806 768 1874 civium
783 1806 967 1895 aequalitate
980 1828 1117 1895 regnum
1133 1810 1212 1894 Sop-

123 1922 221 2007 plices
235 1920 396 2009 tragoedia
411 1920 520 1988 laudat
535 1945 543 1988 :
563 1921 796 1988 Andromaches
810 1927 918 1990 autem
934 1921 1053 1990 cborus
1068 1921 1098 1988 id
1113 1921 1212 2010 impe·

128 2033 209 2102 rium
232 2032 317 2122 quod
338 2033 433 2103 nullis
448 2034 596 2102 terminis
617 2034 902 2103 circumscribatur
920 2035 953 2102 in
973 2035 1103 2103 civitate
1126 2039 1160 2102 et
1179 2035 1211 2102 in

129 2145 224 2213 domo
240 2146 459 2214 necessarium
474 2166 546 2215 esse
558 2167 677 2235 magna
692 2148 865 2217 verborum
880 2148 1038 2235 gravitate
1053 2149 1212 2216 demons-

129 2264 215 2328 trat:
246 2286 259 2319 a
287 2262 357 2327 Duo
382 2279 494 2349 regna,
523 2259 644 2348 inquit,
673 2281 737 2328 non
759 2260 886 2329 facilius
914 2261 1092 2329 tolerantur
1114 2280 1211 2350 quarn

130 2394 247 2455 unum;
263 2373 390 2462 pondus
404 2374 447 2443 ita
460 2375 596 2463 ponderi
615 2375 754 2454 additur,
779 2381 812 2443 et
825 2375 902 2444 lrine
923 2381 1099 2444 nascuntur
1119 2374 1211 2445 dissi-

129 2487 213 2555 dia³.
234 2460 435 2556 »hactenus
449 2494 607 2577 occupata
620 2490 651 2556 ri
666 2489 802 2577 imperia
820 2495 854 2558 et
872 2489 992 2558 similes
1005 2480 1212 2577 Megaclis'ac

128 2601 285 2670 Pisistrati
310 2601 523 2690 conjurationi
542 2603 731 2690 tyrannides
751 2624 825 2671 eum
846 2604 1031 2692 vituperare
1053 2601 1154 2680 dicas,
1179 2605 1211 2669 et

128 2716 257 2804 plenam
281 2716 464 2784 libertatem
483 2714 600 2803 iniquis
618 2714 679 2782 illis
700 2716 974 2787 dominationibus
998 2721 1208 2803 anteponere.

128 2833 201 2898 Mox
224 2850 300 2897 vero
325 2829 398 2897 baec
423 2827 595 2917 subjicit⁴2
621 2855 634 2889 a
663 2832 767 2909 Quum
792 2828 906 2916 rapido
934 2832 1104 2896 tentorum
1132 2826 1211 2894 llatu

130 2947 220 3014 navis
242 2946 354 3024 lertur,
380 2945 445 3013 duo
472 2951 581 3014 nautae
600 2946 641 3013 ad
672 2945 891 3034 gubernacula
916 2944 1120 3023 dissidentes,
1146 2943 1210 3011 imo

167 3396 175 3436 ¹
197 3389 295 3461 Eurip,
325 3387 418 3455 Orest,
436 3407 459 3445 r.
476 3389 599 3445 ert-aaa
627 3389 662 3444 lbi
679 3391 788 3447 rusticus
814 3391 889 3445 homo
912 3387 1054 3460 depingitur
1068 3386 1155 3443 habitu
1170 3404 1212 3458 pa-

131 3493 187 3535 mm
200 3474 344 3549 jucundus,
362 3476 406 3532 sed
425 3475 493 3532 omni
509 3475 602 3532 virtute
626 3485 730 3533 ornatus
744 3494 774 3533 ac
796 3476 936 3548 prudentia.
961 3476 1041 3543 Quem
1057 3476 1088 3532 ad
1102 3477 1212 3533 Socratis

132 3565 266 3637 imaginem
287 3564 402 3620 effectum
420 3580 470 3619 non
484 3564 594 3629 credam,
611 3564 699 3636 quippe
721 3565 838 3621 Socrates
854 3580 903 3619 non
918 3580 976 3620 rure
990 3562 1119 3619 habitabat
1131 3570 1157 3618 et
1171 3579 1213 3618 ra-

132 3653 232 3709 rissima
255 3652 360 3709 lltbenis
373 3668 492 3724 egressus
507 3660 566 3717 est·
580 3667 608 3690 =
627 3651 641 3693 ²
660 3652 747 3708 Talem
774 3669 801 3707 se
827 3651 920 3724 prabet
947 3651 990 3707 ille
1016 3649 1109 3706 hortuli
1132 3649 1214 3706 cultor

136 3739 308 3808 (ateaopatcl
325 3739 366 3811 qui
391 3740 497 3795 Electra
510 3738 542 3794 ab
556 3738 655 3811 AEgisto
671 3739 837 3810 conjunctus,
859 3737 1052 3811 agamemnonis
1067 3736 1144 3793 liliam
1159 3736 1213 3792 vir-

135 3826 217 3898 ginem
234 3843 334 3881 manera
349 3826 412 3883 mira
431 3826 583 3883 continentia
598 3844 685 3897 passus
700 3834 787 3882 cst.=
804 3827 817 3867 ³
836 3826 933 3897 Enrip.‚
948 3823 1083 3885 Androm..
1106 3842 1129 3882 v.
1147 3825 1214 3881 lll-

130 3915 256 3974 t73.=⁴
278 3915 325 3979 ld,
363 3914 435 3980 ibid,
453 3932 477 3969 v.
493 3913 619 3972 tta-485.
