2684 4508
589 169 747 224 -lto—

125 373 264 442 dilliteor
281 375 418 462 plurima
438 372 659 441 concessisse:
683 373 713 439 in
733 373 933 459 supplicibus
953 370 1040 438 enim
1060 374 1202 459 Spartam

125 486 289 556 crudelem
304 507 344 554 ac
357 486 502 555 moribus
513 492 677 555 versutam
693 487 831 554 affirmat
844 492 866 563 ¹,
888 504 1054 573 quumque
1065 484 1203 554 Menelao

126 605 157 671 in
172 607 389 673 Andromache
403 605 520 693 ignava
535 604 658 672 seelera
672 604 819 691 imputet,
836 606 1030 691 Spartanam
1042 601 1128 671 illius
1140 602 1204 670 ori-

125 718 234 804 ginem
267 718 490 807 spectantibus
520 718 552 784 in
581 718 770 786 memoriam
798 736 953 797 revocare
982 737 1047 784 non
1078 717 1202 786 omittit.

127 829 208 910 Quid
225 850 341 917 nempe
356 830 505 898 acerbius
522 850 617 918 quam
640 829 722 898 dirae
746 829 810 896 illae
832 829 874 896 ab
889 829 1040 896 Hectoris
1062 827 1159 897 vidua
1177 829 1205 895 in

128 944 393 1013 Lacedaemonios
409 944 567 1033 ingestae:
595 971 608 1005 a
627 947 652 1013 Ο
674 965 732 1012 ros
754 943 879 1011 cunctis
894 943 1082 1012 bominibus
1097 944 1204 1011 inimi-

120 1058 247 1137 cissimi
261 1060 424 1137 mortales,
443 1064 571 1148 Spartae
587 1059 711 1136 incolae,
730 1059 784 1147 qui
799 1058 882 1125 dolis
904 1056 1103 1126 meditandis
1122 1077 1208 1126 scm-

129 1191 187 1259 per
199 1171 325 1249 intenti,
344 1172 521 1239 mentiendi
535 1171 753 1260 principatum
767 1169 941 1253 obtinetis;
963 1191 1033 1249 vos,
1056 1171 1207 1239 malorum

129 1285 365 1353 machinatores
376 1291 408 1351 et
421 1284 566 1372 opifices,
589 1283 631 1351 nil
644 1283 714 1351 sani
728 1281 869 1372 quidem,
889 1282 945 1350 sed
959 1283 1089 1373 obliqua
1105 1283 1206 1351 omnia

128 1399 288 1487 cogitatis,
305 1407 338 1467 et
357 1398 520 1486 ambiguae
534 1397 718 1487 prudentiae
733 1398 849 1485 plena3
870 1398 902 1465 in
924 1398 1051 1467 Graecia
1073 1398 1207 1487 denique

129 1513 288 1580 immerito
304 1513 440 1580 lleretis.
458 1511 549 1594 Quod
571 1511 677 1579 scelus
698 1533 716 1578 a
732 1511 824 1579 robis
838 1511 980 1580 alienum
1003 1516 1080 1580 est‘l
1101 1515 1208 1580 Nonne

130 1625 276 1694 caedibus
308 1626 387 1694 estis
419 1626 582 1694 infames?
612 1629 726 1721 Nonne
751 1624 856 1714 turpis
886 1625 966 1693 lucri
1003 1630 1208 1693 sectatores?

130 1741 242 1805 Nonne
269 1738 329 1806 alia
358 1737 514 1815 dicentes,
546 1736 607 1803 alia
634 1736 811 1804 sentientes
840 1742 998 1825 perpetuo
1011 1737 1206 1826 deprehendi
1268 1727 1272 1737 ’

130 1851 260 1920 soletis‘.>
272 1856 319 1920 lte
332 1852 363 1918 in
380 1851 580 1940 perniciem²
598 1855 605 1917 l
625 1876 637 1910 a

175 1990 304 2059 Talibus
331 1989 534 2058 contumeliis
561 1989 768 2077 indignamur
791 1988 949 2077 tragicam
973 2008 1103 2056 musam
1130 1988 1209 2056 labia

129 2106 267 2195 aperire,
283 2108 316 2171 et
329 2103 435 2171 Attico
449 2102 569 2191 populo
583 2099 778 2169 deridendos
793 2100 1051 2169 exsecrandosve
1063 2101 1210 2169 taceae

131 2218 255 2285 {nonies
270 2215 464 2304 propinare;
485 2221 519 2281 at
536 2234 601 2282 non
617 2213 715 2301 longe
732 2213 851 2280 absunt
863 2213 1077 2301 sapientiores
1102 2233 1210 2281 versus

129 2338 162 2400 et
176 2330 368 2420 philosopho
387 2329 563 2419 digniores.
581 2327 615 2395 ld
629 2349 747 2417 nempe
761 2327 932 2416 Euripides
946 2327 1047 2407 dolet,
1064 2328 1152 2418 quod
1166 2333 1211 2397 tot

130 2446 287 2523 civitates,
301 2465 399 2533 quum
411 2442 537 2532 placida
550 2443 697 2511 oratione
709 2443 794 2511 inter
803 2463 840 2511 se
854 2442 1057 2511 reconciliari
1069 2443 1208 2532 possint,

131 2560 216 2626 t'erro
231 2564 339 2626 tamen
364 2557 436 2625 lites
456 2556 571 2628 malint
586 2557 764 2625 decernere
777 2562 800 2623 ³.
825 2557 943 2638 Quales
969 2576 1048 2625 vero
1065 2556 1212 2625 homines

129 2671 170 2739 ad
185 2671 305 2751 bellum
317 2670 397 2738 alios
416 2670 585 2738 hortentur
599 2669 703 2757 plenis
715 2669 904 2752 acrimoniae
916 2669 1026 2738 verbis
1038 2669 1209 2739 describit:

133 2813 147 2845 a
165 2786 304 2852 Juvenes
329 2783 452 2851 scilicet
470 2783 629 2850 honorum
659 2782 771 2851 avidos
788 2780 842 2871 qui
857 2787 971 2850 contra
982 2783 1037 2870 jus
1060 2787 1095 2850 et
1120 2781 1169 2850 las
1182 2781 1211 2848 in

129 2897 306 2967 certamina
322 2896 484 2964 civitatem
504 2895 682 2983 impellant,
700 2895 782 2964 alius
797 2900 831 2963 ut
847 2894 913 2962 dux
930 2894 1058 2974 evadat,
1076 2895 1160 2964 alius
1180 2899 1213 2962 ut

131 3032 238 3080 rerum
253 3011 395 3099 potiatur
407 3017 440 3079 et
454 3009 625 3098 imperium
648 3009 805 3078 violenter
818 3013 990 3090 exerceat3
1012 3007 1096 3078 alins
1117 3008 1214 3078 deni-

1107 3106 1114 3131 .

113 3269 126 3303 Ι

132 3394 234 3450 ineunte
248 3394 323 3460 bello,
338 3413 385 3451 uec
399 3397 503 3452 Athenis
517 3415 563 3452 nec
576 3399 669 3469 Sparte
683 3398 775 3454 lavisse
786 3398 893 3454 affirmet
906 3399 1064 3470 Thucydides
1079 3399 1122 3471 (in
1137 3399 1166 3456 L.
1181 3399 1212 3464 ll,

133 3499 186 3554 cap.
200 3484 239 3554 9),
254 3483 334 3539 eidem
347 3485 491 3540 sebolioatm
504 3486 611 3541 libenter
625 3487 795 3553 assenserim,
811 3488 853 3560 qui
873 3487 1021 3560 tragoediam
1045 3489 1111 3545 banc
1132 3486 1212 3560 magni

133 3573 276 3628 certaminis
292 3574 409 3645 principio
423 3582 503 3629 actam
520 3575 598 3630 luisse
613 3577 744 3647 opinatur:
762 3576 813 3631 imo
833 3577 967 3632 nescibam
983 3577 1014 3634 ab
1028 3577 1146 3650 Euripide
1160 3577 1212 3634 ideo

133 3661 269 3731 composita
283 3661 325 3727 sit,
341 3669 368 3716 ut
383 3669 501 3717 nutantes
514 3662 596 3718 adhue
606 3663 755 3738 Argivorum
768 3663 865 3720 animos
879 3683 894 3719 a
907 3665 1105 3721 lacedemoniis
1115 3679 1211 3736 prorsus

134 3747 296 3824 abalienare-t.
321 3767 348 3787 =
368 3749 377 3779 ¹
397 3749 494 3820 Eurip.‚
511 3749 615 3823 Suppl,
633 3769 656 3807 r.
675 3751 734 3810 105.
754 3763 782 3785 ²
806 3754 818 3790 ²
841 3753 890 3818 ld,
904 3753 1029 3809 Androm.
1048 3769 1071 3809 r.
1089 3750 1209 3808 laeam.

136 3860 167 3880 =
187 3835 196 3862 ⁸
222 3836 269 3898 ld,
286 3835 390 3908 suppl,
407 3854 431 3891 v.
450 3837 574 3893 tlt-750.
