2684 4508
594 222 735 276 ..47-

402 459 418 553 5
445 457 477 529 i.
504 500 553 509 —
578 457 629 531 De
654 459 941 535 Aeduraensidus.

173 695 388 760 Actorneoses
412 692 509 780 igitur
523 693 653 781 scripsit
668 692 888 785 (Euthydemo
916 694 1006 762 arcii.
1037 714 1121 765 anno
1143 700 1207 769 426

127 813 203 875 ante
215 807 322 894 J.-C.)
338 809 429 897 cujus
443 807 562 877 tabulae
576 808 667 877 initio
685 808 813 876 cuinam
827 809 938 901 populi
952 809 1037 899 parti
1052 810 1208 883 innitatur

128 921 238 989 statim
259 920 413 989 declarat.
449 921 581 1011 Equites
604 922 709 1001 enim,
734 922 866 992 divitem
890 923 1028 995 civitatis
1047 923 1204 1002 classem,

128 1033 233 1121 piebis
255 1033 428 1101 temeritati
456 1052 585 1121 semper
599 1033 779 1134 adversam,
799 1036 914 1125 primis>
930 1036 1078 1105 versibus
1100 1036 1209 1110 laudat

127 1146 213 1236 quod
229 1144 380 1213 Cleonem
394 1144 515 1213 talenta
529 1146 666 1234 pervim
681 1153 737 1218 aut
752 1148 853 1219 malas
877 1154 964 1219 artes
987 1154 1112 1218 extorta
1126 1148 1208 1218 red·
1286 1169 1288 1175 ’
1317 1223 1319 1229 ,

91 1306 94 1317 ,
127 1260 207 1327 dere
229 1266 418 1348 coegerunt.
435 1263 516 1327 Eum
528 1280 605 1327 vero
620 1261 710 1348 pacis
724 1281 890 1331 suasorem
905 1266 938 1330 et
957 1261 1099 1355 propriae
1127 1282 1208 1331 sen-

128 1377 242 1445 tentiae
255 1376 466 1464 interpretem
480 1375 614 1456 inducit,
629 1379 696 1466 qui,
712 1398 785 1446 rure
801 1384 895 1449 natus
909 1384 942 1445 et
956 1398 1031 1446 rure
1045 1376 1207 1455 habitans,

130 1487 205 1556 beili
225 1507 399 1556 aerummas
423 1487 580 1577 imprimis
602 1489 644 1557 sit
668 1496 838 1579 expertus,
858 1491 912 1578 qui
926 1489 1037 1572 uineas
1065 1509 1140 1557 suas
1159 1510 1211 1557 ex·
1314 1502 1316 1506 ’

128 1609 256 1689 scindi,
287 1631 384 1699 agros
406 1611 545 1689 vastari,
576 1610 667 1679 villas
682 1611 819 1679 cremari
834 1617 867 1679 et
890 1610 1028 1699 abrupto
1043 1630 1116 1679 cum
1131 1609 1211 1679 fini-

128 1725 216 1793 timis
230 1727 435 1806 commercio,
448 1727 526 1797 nihii
541 1749 559 1798 e
572 1727 695 1797 Boeotia
706 1748 745 1796 ac
758 1727 933 1820 Megaride,
949 1730 1072 1815 praetcr
1082 1725 1210 1793 hostilia

129 1836 272 1924 agmina,
290 1837 442 1907 advenire
468 1839 586 1907 multos
606 1841 674 1928 jam
690 1837 933 1906 annosriderit.
959 1836 1050 1908 Adde
1064 1834 1150 1929 quod
1178 1837 1210 1902 in

130 1949 219 2038 agris
247 1950 371 2020 nobiles
398 1951 569 2019 fundorum
596 1971 802 2040 possessores
822 1949 958 2018 multum
973 1947 1080 2019 adhuc
1103 1948 1212 2016 valent

129 2062 218 2132 etad
233 2085 347 2153 pacem
368 2086 465 2154 quam
488 2065 548 2154 ipsi
568 2072 722 2154 exoptant
746 2065 871 2132 animos
895 2064 1089 2132 rusticorum
1116 2062 1211 2130 facile
1237 2054 1239 2057 ’

130 2168 307 2244 adducunt.
325 2178 471 2266 Agrestis
488 2178 586 2267 igitur
610 2178 819 2266 Dicaeopolis,
836 2177 985 2267 quamvis
999 2196 1073 2244 raro
1096 2176 1211 2247 urbem

131 2289 343 2379 ingrediatur,
368 2298 401 2359 et
414 2292 525 2360 oculos
537 2297 695 2381 perpetuo
710 2291 751 2360 ad
772 2291 927 2359 dilectum
946 2310 1086 2379 pagum,
1115 2288 1213 2358 rebus

130 2403 323 2472 necessariis
351 2410 419 2472 tam
446 2401 683 2482 abundantem,
724 2424 899 2473 conversos
921 2409 1049 2483 teneat,
1082 2402 1211 2471 indictis

130 2517 342 2586 concionibus
358 2518 473 2586 adesse
497 2518 584 2598 vult,
606 2539 681 2587 non·
695 2523 731 2586 ut
748 2517 839 2587 urbis
858 2516 995 2597 incolae,
1013 2516 1211 2585 tumultuosa

131 2627 271 2718 quadam
287 2650 369 2699 nova
391 2630 557 2700 ediscendi
571 2632 724 2720 cupidine
747 2651 922 2710 accensus,
948 2632 1005 2699 sed
1019 2650 1121 2699 unum
1135 2629 1211 2698 illud

131 2743 248 2832 patriae
261 2742 340 2811 utile
352 2750 515 2833 spectans,
529 2744 636 2813 fredus
650 2743 774 2812 scilicet
786 2749 819 2811 et
832 2744 1044 2832 praesentium
1055 2745 1212 2814 malorum

132 2857 242 2926 tinem.
259 2855 362 2926 Almae
374 2877 450 2926 vero
464 2857 557 2946 paci,
573 2877 669 2946 quam
691 2856 885 2945 optimates,
901 2857 1041 2945 equites,
1058 2858 1212 2946 agricola

131 2972 216 3039 votis
229 2976 363 3048 vocant,
381 2975 459 3059 quot
471 2976 505 3038 et
516 2974 636 3060 quanta
649 2969 800 3039 ridentur
812 2970 943 3039 obstare
962 2976 970 3038 t
1002 2975 1111 3043 Venas
1135 2991 1213 3060 spes

132 3084 276 3173 quotidie
290 3090 435 3152 oratores
460 3105 499 3152 oc
525 3084 622 3173 legati
646 3085 766 3173 populo
787 3091 993 3174 proponunt,
1013 3085 1130 3173 quibus
1145 3085 1213 3154 mi-

108 3274 112 3285 ,
133 3197 197 3264 scri
218 3195 267 3264 sic
280 3196 544 3283 perstringuntur
567 3194 674 3274 cives,
700 3201 737 3264 ut
754 3202 908 3264 renouata
929 3216 1059 3284 semper
1073 3196 1209 3277 fiducia,

132 3310 286 3399 quidquid
309 3311 488 3398 prudenter
517 3331 556 3379 ac
584 3310 741 3379 modeste
767 3310 921 3380 suadetur
955 3311 1114 3401 reiiciant.
1147 3315 1215 3382 Has

131 3422 237 3512 primo
258 3443 355 3511 spes,
382 3421 488 3490 bellici
506 3421 624 3490 favoris
652 3442 772 3502 escam,
799 3424 1006 3513 Dieaeopolis,
1027 3426 1076 3494 vel
1105 3426 1215 3513 potius

130 3534 379 3624 Aristophanes,
395 3535 583 3623 exstinguit.
613 3535 695 3616 Quid
721 3537 808 3604 enim
829 3536 890 3606 sibi
918 3537 1031 3606 rolant
1059 3538 1149 3606 missi
1179 3540 1227 3606 in

130 3648 301 3717 Thraciam
315 3653 348 3717 et
366 3648 407 3715 ad
422 3652 594 3717 Persarum
616 3669 727 3738 regem
754 3651 878 3739 iegati?
901 3655 964 3720 Cur
979 3653 1101 3720 tamdiu
1116 3652 1214 3721 athe·

133 3759 183 3828 nis
205 3761 351 3830 absunt?
377 3764 457 3841 Quae
474 3737 620 3828 referunt
633 3780 809 3849 responsa,
826 3782 900 3849 quae
913 3762 1075 3830 sociorum
1092 3762 1208 3831 auxilia

132 3872 312 3943 reducunt?
329 3878 434 3955 Quum
449 3874 542 3941 binas
559 3873 681 3941 scilicet
693 3894 735 3958 ex
749 3872 865 3942 aerario
880 3874 1022 3962 quotidie
1037 3873 1210 3943 drachmas
