2684 4508
668 181 784 234 ..q..

68 457 72 463 ,
186 393 259 455 tum
287 391 401 478 partes
421 393 660 470 assueverunt,
680 378 749 453 sive
781 391 820 452 ut
851 378 942 450 illius
968 378 1080 475 gentis
1111 379 1271 455 instituta

185 504 405 589 mirarentur,
420 514 453 576 et
466 503 559 600 apud
571 501 724 577 Atticum
741 502 907 598 populum
921 501 1148 598 predicarent
1161 522 1183 591 ¹,
1198 501 1268 575 sine

182 644 222 705 ut
235 632 310 729 ejus
329 630 454 704 auxilio
473 631 636 704 adversus
655 619 815 702 inimicos
831 640 1018 702 uterentur.

229 778 363 852 Medico
382 788 499 851 autem
526 777 617 850 bello
636 776 831 871 ingruente,
844 775 1046 872 Areopagns
1061 776 1129 866 ille,
1145 777 1262 872 legum

181 911 334 974 servator
348 909 451 994 atque
466 899 716 995 eustasioque
731 908 803 971 tota
816 897 886 971 sere
901 898 1106 993 optimatum
1123 898 1267 972 collecta

181 1023 318 1119 vigebat
336 1022 536 1110 auotoritas,
552 1045 696 1117 magnas
716 1020 848 1094 addidit
862 1021 1087 1094 Themistocli
1108 1033 1140 1095 et
1159 1022 1264 1097 liber-

180 1145 259 1219 tatis
273 1146 512 1220 defensoribus
528 1146 616 1218 vires
645 1170 652 1217 :
681 1142 848 1218 militibus
867 1144 959 1218 enim
975 1155 1117 1218 octonas
1136 1145 1264 1218 drach-

180 1289 256 1341 mas
276 1266 429 1362 quotidie
447 1265 607 1341 distribui
628 1265 765 1361 jussite.
788 1266 834 1338 ut
849 1265 1030 1353 Aristides,
1048 1289 1151 1360 quem
1171 1266 1264 1362 opti-

180 1401 292 1467 mates
312 1391 438 1464 ducem
453 1390 699 1485 agnoscebant,
716 1388 897 1485 prudentia
916 1402 950 1463 et
968 1390 1092 1462 rirtute
1114 1389 1262 1462 multum

180 1511 223 1583 ad
259 1511 463 1585 servandam
493 1510 663 1585 Graeoiam
694 1511 852 1585 contulit.
881 1510 1043 1596 Quamuis
1066 1511 1263 1608 Lycurgum

180 1634 278 1706 valde
303 1633 534 1707 admiraretur
547 1651 571 1724 ³,
592 1633 676 1706 nihil
698 1656 851 1728 unquam
869 1631 996 1705 civitati
1022 1656 1094 1706 suae
1120 1633 1266 1706 detraxit

181 1769 220 1832 ut
245 1759 484 1834 Lacedaemoni
513 1761 681 1834 honorem
708 1758 966 1856 potentiamque
988 1748 1147 1855 angerot3
1177 1759 1263 1832 nihil

180 1905 302 1956 rursus
328 1881 472 1956 Athenis
486 1882 540 1978 agi
555 1904 677 1978 passus
691 1895 744 1954 est
758 1882 849 1955 unde
869 1880 999 1955 bellum
1019 1880 1108 1952 inter
1128 1892 1263 1955 utram-

181 2025 248 2100 que
280 2013 418 2098 gentem
450 2003 651 2078 exoriretur.
678 2003 794 2089 Quum
827 2003 1043 2096 maritimum
1076 2004 1263 2099 imperium

181 2149 242 2221 per
266 2126 380 2200 scelus
402 2128 582 2222 acquirere
609 2124 744 2216 liceret,
763 2136 899 2223 turpem
928 2125 1149 2202 occasionem
1172 2128 1264 2203 indi·

180 2260 305 2346 gnatus
324 2250 494 2346 respuit⁴;
520 2273 628 2348 quum
656 2273 736 2324 vero
756 2250 915 2348 Spartani
941 2251 1031 2346 regis
1059 2251 1265 2348 impotentia

181 2372 347 2447 commoti
366 2372 451 2446 socii
471 2371 743 2448 Atheniensibus
761 2396 798 2446 se
817 2372 965 2446 libenter
985 2373 1183 2462 dederent⁵,
1205 2398 1264 2452 eos

179 2496 216 2568 in
241 2495 348 2570 fidem
363 2495 510 2590 recepit,
524 2496 586 2569 sed
596 2493 648 2569 ita
662 2508 701 2568 ut
713 2495 845 2592 Spartae
860 2495 986 2568 famam
1002 2519 1042 2568 ac
1057 2495 1264 2592 dignitatem

181 2615 261 2690 elati
275 2616 463 2712 triumphis
477 2615 708 2690 Athenienses
722 2638 792 2689 non
808 2616 984 2690 violarent.
999 2617 1097 2691 Tunc
1113 2643 1265 2716 quoqne,

182 2736 299 2834 populi
331 2736 538 2812 modestiam
572 2720 607 2811 et
643 2737 805 2812 bellicam
824 2724 1075 2813 'fortitudinem
1108 2740 1263 2815 admira-

183 2874 237 2938 tus
251 2870 275 2949 ⁰,
295 2858 454 2933 omnium
468 2859 710 2958 magistratum
725 2859 838 2934 aditus
851 2860 900 2933 illi
920 2861 1041 2957 aperit,
1055 2886 1163 2958 quum
1179 2864 1212 2936 id
1227 2864 1265 2936 in

131 2984 134 2991 ’
182 2981 304 3078 primis
318 2980 474 3056 obtinere
493 2992 602 3070 curet,
623 2992 661 3054 ut
692 2981 820 3078 populo
842 2994 1006 3057 maneant
1024 2983 1174 3082 antiquae
1194 2986 1263 3058 vir-

183 3118 289 3196 tutes;
313 3116 351 3179 ut
376 3104 611 3180 multitudinis
628 3105 757 3195 duces,
777 3105 905 3180 civium
933 3108 1046 3182 lavore
1066 3107 1155 3200 freti,
1177 3109 1264 3183 nihil

217 3670 320 3732 toln..
341 3670 480 3735 indimota,
498 3674 583 3728 tu:
612 3675 621 3707 ²
649 3674 728 3738 plut..
751 3675 776 3730 in
795 3675 925 3743 Themin,
942 3677 985 3735 td.
1013 3706 1049 3718 -
1078 3677 1191 3744 Aristot,
1224 3681 1262 3733 De
1298 3652 1302 3659 Ι

182 3754 299 3827 ΒορυὸΙ.,
321 3759 348 3814 h.
365 3757 428 3822 lllll,
450 3775 472 3814 c.
489 3759 505 3814 3
532 3759 632 3832 (Barth.
662 3761 822 3834 saint-Hill.
838 3783 865 3805 =
890 3765 900 3792 ⁸
930 3765 1009 3829 Plut,
1036 3765 1061 3820 in
1077 3766 1170 3830 Arist..
1186 3769 1211 3821 ε’.
1229 3787 1262 3812 =

180 3840 252 3908 ‘ltl.‚
291 3844 363 3909 ibid,
402 3852 445 3901 ΨΑ.
475 3847 526 3881 =⁸
560 3848 608 3913 ld..
647 3848 719 3911 ibid..
758 3849 944 3917 23.=⁶ld.,
983 3852 1056 3918 ibid,
1095 3855 1138 3908 2⁰2.
