2684 4508
591 160 733 213 ...68-

125 377 187 444 qua
214 356 338 423 ratione
372 375 510 443 pensare
541 354 683 423 debebat
694 361 709 422 l
745 358 857 422 Nonne
893 353 971 421 satis
1004 358 1077 421 erat
1119 351 1200 442 quod

125 467 210 534 eirca
225 466 391 535 dimidiam
416 465 534 535 labuloe
548 474 673 556 partem
694 466 884 556 lychnorum
900 466 980 535 istos
1001 470 1035 534 et
1061 471 1201 554 stuppa-

126 599 196 647 rum
222 585 257 647 et
284 577 362 646 corii
390 577 574 647 venditores
597 580 761 656 illuserat,
787 599 868 668 quos
891 578 1055 667 populus,
1085 576 1201 646 multos

124 706 280 775 bonosae
296 704 416 792 probos
429 701 628 770 excludendo
654 705 666 789 (
690 693 809 764 ciliciis
838 694 971 774 aulida,
1004 694 1057 763 κοῖι
1082 693 1200 762 καλοικε

124 819 289 910 κάγαθοί)
312 836 331 913 7,
366 825 460 893 unice
488 824 689 913 amplexatur
718 841 757 891 ac
787 823 901 891 lovet‘l
933 821 1085 910 Quisquis
1119 821 1200 889 enim

125 949 221 1037 hujus
247 946 337 1016 verbi
364 940 450 1008 καλὼ
468 937 611 1023 κάγαθοί
631 964 762 1013 sensum
797 944 960 1033 duplicem
996 942 1114 1017 novit,
1155 942 1202 1010 his

125 1060 272 1130 versibus
285 1060 458 1150 optimates
471 1059 592 1149 populu
611 1057 831 1127 commendari
847 1077 911 1125 non
922 1056 1052 1126 dubitet
1065 1070 1086 1122 ¹.
1112 1061 1202 1125 Hunc

124 1172 224 1263 igitur
246 1173 273 1242 si
295 1172 368 1241 ideo
380 1177 506 1240 tantum
521 1171 562 1240 ad
577 1190 689 1240 sanem
710 1176 853 1239 mentum
872 1171 1017 1239 revocari
1032 1170 1199 1250 tinxisset,

124 1291 160 1354 ut
180 1305 332 1374 magnam
347 1305 417 1353 suae
439 1284 595 1374 potentiae
621 1289 746 1372 partem
768 1283 979 1372 optimatibus
995 1286 1199 1374 resignaret,

124 1420 231 1471 nonne
245 1401 307 1469 hac
331 1400 441 1468 ultima
461 1400 639 1469 offensione
665 1398 877 1468 multitudinis
897 1400 1023 1469 animos
1047 1401 1199 1489 graviter,

125 1536 164 1584 ac
179 1515 286 1583 lorsan
309 1515 340 1581 in
356 1519 568 1602 perpetuum,
592 1534 610 1580 a
626 1533 661 1582 se
674 1514 915 1583 abalienasset‘l

169 1642 332 1712 Laudibus
351 1641 451 1730 igitur
464 1641 641 1729 faustisque
658 1642 833 1730 praesagiis
846 1643 933 1711 lianc
947 1644 1097 1731 jocorum
1112 1663 1203 1731 aspa·

125 1760 254 1828 ritatem
267 1763 527 1847 temperaturus,
553 1757 731 1826 sanabilem
756 1758 911 1847 populum
935 1757 1049 1837 linxit,
1075 1778 1138 1826 nec
1163 1759 1204 1827 ub

124 1891 251 1942 errores
262 1869 722 1960 tamacritervituperandum
746 1891 842 1960 quam
857 1871 1001 1960 impurus
1028 1870 1099 1940 illos
1126 1872 1205 1960 ple-

122 1985 246 2055 bicolas
260 2004 299 2053 ac
305 1982 559 2073 praestigiatores
570 2003 590 2051 υ.
607 1984 735 2052 Scilicet
743 1985 976 2074 quumCleonis
985 1993 1020 2053 et
1028 1986 1204 2074 Hyperboli

123 2103 171 2167 tot
186 2097 304 2167 delicta
316 2096 454 2187 populus
463 2095 694 2195 praetermittit,
704 2116 744 2165 ne
757 2103 835 2166 tunc
846 2098 976 2187 quidem
990 2098 1127 2167 stolidus
1139 2105 1201 2168 est.

124 2219 187 2284 Res
199 2234 275 2283 suas
288 2212 476 2303 diligentius
489 2211 666 2300 inspicere,
682 2231 753 2300 prae
767 2210 898 2300 pigritia
914 2263 922 2289 ,
941 2232 1004 2280 non
1020 2211 1124 2295 solet;
1146 2212 1204 2281 sed

124 2333 314 2417 postquam,
330 2324 577 2393 conniventibus
590 2344 691 2412 prope
705 2324 818 2402 oculis,
840 2323 993 2393 nonnulla
1011 2324 1096 2393 furta
1110 2325 1199 2401 vidit,

125 2439 156 2506 in
170 2439 257 2506 iures
285 2435 392 2506 subito
418 2455 619 2523 consurgens
644 2436 796 2525 quidquid
819 2442 947 2525 raptum
961 2442 1012 2504 est
1033 2437 1204 2504 restituere

125 2550 253 2638 cogit⁴;
274 2554 449 2624 caeterum,
468 2547 594 2635 quoties
621 2548 654 2615 in
681 2552 788 2638 Pnyce
812 2570 875 2619 non
894 2550 1008 2629 sedet,
1037 2549 1078 2617 de
1107 2550 1204 2618 rebus

126 2661 263 2751 publicis
290 2658 552 2736 consultaturus,
586 2660 705 2748 populo
729 2660 926 2729 Atheniense
957 2661 1137 2730 nil'sanius
1166 2680 1205 2729 ac

125 2781 316 2871 prudentius
328 2787 398 2864 est;
415 2781 447 2849 in
462 2784 569 2870 Pnyce
587 2786 719 2870 stupent
734 2783 821 2850 cives
838 2776 893 2871 (τὸ
910 2784 971 2848 τοῦ
990 2777 1034 2853 dal
1037 2807 1099 2872 μου
1116 2777 1204 2872 πρό-

125 2926 240 2967 σωπον
259 2902 382 2992 μακκοᾷ
400 2894 575 2990 καθήμενον
590 2901 642 2988 5);
662 2903 694 2969 in
716 2903 841 2971 theatro
862 2903 970 2971 omnia
983 2905 1203 2993 perspiciunt⁶

128 3018 268 3115 (τὸγὰρ
287 3017 421 3113 θέατρον
441 3014 569 3102 δεξιόν.)

170 3161 303 3242 Qualem
334 3159 530 3251 depinxerit·
550 3159 702 3227 Cleonem
741 3158 996 3248 Aristophanem
1027 3166 1139 3233 coacta
1171 3162 1203 3229 in

125 3273 224 3341 breve
238 3277 271 3340 et
298 3271 411 3360 paucis
427 3271 555 3361 paginis
575 3276 725 3339 enarrata
751 3269 882 3349 sabula,
909 3271 986 3340 satis
1014 3274 1205 3341 monstravi·

169 3492 203 3499 ..-
229 3487 367 3498 -..ο-..ι-

160 3653 169 3694 ¹
190 3649 328 3721 trislcplr„
344 3647 445 3721 Equit,
461 3663 487 3704 a.
509 3645 634 3706 tel-ltu.
648 3664 676 3686 =
699 3651 712 3689 ²
725 3648 786 3705 Vide
798 3649 846 3705 hoe
859 3649 964 3704 verbum
974 3649 1001 3705 in
1017 3649 1085 3706 Plut.
1100 3649 1127 3706 in
1140 3650 1203 3719 Nic,

123 3755 136 3791 c
162 3739 187 3792 t.
202 3755 230 3776 =
248 3741 261 3780 ὅ
278 3735 417 3806 laisum„
433 3734 536 3808 Equit,
551 3751 576 3790 v.
594 3733 673 3793 1355.
686 3737 739 3776 =⁴
759 3736 808 3804 ld.,
835 3736 908 3804 ibid,
924 3754 950 3794 v.
968 3738 1037 3797 1120
1050 3747 1076 3795 et
1090 3739 1151 3797 599.
1168 3767 1203 3788 =

124 3825 133 3853 ⁵
154 3825 189 3882 ld.
227 3824 288 3882 ibid.
305 3821 432 3880 rte-755.
448 3851 482 3863 —
496 3840 521 3880 v.
538 3822 600 3881 396.
620 3841 649 3863 =
676 3823 685 3852 ⁸
705 3824 754 3892 ld.,
792 3824 865 3894 ibib,
881 3843 906 3883 r.
925 3825 986 3884 233.
