2684 4508
594 203 733 253 -tttle-

123 400 281 472 olivarum
316 398 524 474 collectoreS,
557 397 774 474 comitamini,
808 396 860 485 qui
893 394 1075 462 mercedem
1111 415 1208 462 mann

125 516 278 580 terretl.»

168 654 321 718 Facetam
358 648 543 716 mehercule
582 648 791 726 sententiam,
823 653 856 714 et
890 668 963 736 quae
998 645 1210 715 multitudinis

123 763 347 832 adulatoribus
365 782 404 829 ac
422 761 559 830 ducibus
579 782 731 851 magnam
753 762 884 830 invidiae
900 762 1017 829 molem
1031 761 1207 842 conllaret;

120 876 181 944 sed
205 896 292 964 quae,
316 879 352 940 ut
368 894 386 940 a
401 893 477 942 vcro
501 895 564 942 non
578 873 709 963 paulum
732 874 896 953 abhorret,
915 873 958 941 ita
974 875 1000 942 si
1020 874 1061 943 ab
1081 874 1211 962 impru-

118 989 277 1056 dentibus
300 993 430 1075 arrepta
456 985 581 1066 luisset,
611 987 731 1055 civitati
757 1007 911 1076 magnum
935 986 1096 1054 attulisset
1117 1006 1211 1074 perr-

119 1104 246 1170 culum.
255 1106 320 1170 Fac
330 1102 415 1170 enim
425 1121 539 1169 omnes
550 1100 672 1169 reditus
682 1101 845 1178 Cleonem,
859 1107 894 1167 ut
905 1101 950 1168 ait
958 1100 1208 1191 Aristophaneo,

109 1218 202 1284 ‘cum
233 1214 414 1294 sodalibus,
443 1221 577 1303 excepta
608 1213 751 1302 judiciali
788 1213 955 1294 mercede,
985 1213 1208 1302 abliguriisse;

120 1327 289 1417 quomodo
320 1348 419 1396 unum
447 1327 496 1396 vel
527 1348 648 1395 aurnum
672 1327 870 1396 constitisset
895 1326 1099 1417 respublica?
1121 1326 1212 1396 Unde

121 1444 228 1531 igitur
243 1448 291 1510 tot
304 1443 434 1521 classes,
451 1447 499 1509 tot
512 1443 674 1513 exercitus
689 1443 804 1520 armati,
822 1448 871 1510 tot
885 1441 1023 1511 aedilicia
1039 1441 1090 1509 rel
1103 1447 1212 1510 erecta

124 1557 178 1624 vel
203 1561 418 1624 conservata?
442 1555 532 1624 Unde
553 1561 602 1624 tot
621 1556 712 1624 festis
731 1563 880 1645 sumptus
899 1555 1124 1645 suppeditatns
1139 1560 1213 1623 est?

121 1675 310 1747 Praeterea,
329 1669 355 1736 si
374 1669 513 1758 populus
533 1670 750 1749 Atheniensis,
768 1671 808 1738 ab
823 1668 1039 1758 Aristophane
1057 1668 1209 1746 monitus

118 1791 239 1874 erepta
261 1787 443 1854 oratoribus
462 1786 591 1854 urbium
616 1784 734 1853 tributa
753 1786 815 1853 sibi
829 1785 928 1853 dividi
946 1785 1114 1862 uoluisset,
1131 1789 1164 1851 et
1178 1803 1213 1850 se

125 1900 291 1968 sociorum
307 1899 468 1988 impensa,
487 1899 553 1967 otio
568 1919 607 1966 ae
621 1899 743 1967 deliciis
756 1898 939 1986 indulgere,
959 1918 1066 1965 nonne
1078 1897 1214 1964 alteram

127 2010 325 2078 comoediam
346 2018 454 2079 noster
469 2010 720 2100 composuisset,
739 2031 800 2099 qua
815 2009 888 2076 talis
903 2009 1065 2079 dementia
1089 2028 1215 2098 argue-

130 2127 245 2189 returt
267 2122 366 2215 vsltqrri
397 2122 501 2190 exilia
534 2121 756 2210 Bdelycleonis
791 2121 949 2189 sententia
984 2119 1015 2187 id
1044 2119 1213 2187 consilium
1286 2206 1289 2214 Ι

129 2240 279 2303 exortum
294 2241 391 2303 esset.

173 2368 214 2432 bt
229 2386 303 2433 cum
322 2365 538 2454 Aristophane
560 2364 685 2452 aequius
700 2364 863 2452 agundum
876 2370 936 2443 est,
955 2385 1016 2432 nce
1030 2364 1100 2452 ipse
1114 2363 1216 2453 qoid-
1297 2422 1299 2426 .

126 2478 204 2568 qnid
231 2500 270 2545 cn
295 2479 422 2546 acerbis
449 2477 510 2546 illis
536 2479 661 2546 facetiis
690 2499 772 2546 unus
800 2484 855 2545 aut
887 2478 967 2545 alter
997 2477 1212 2566 spectantium

128 2590 282 2678 colligere
321 2598 431 2678 posset
474 2590 619 2678 diligenti
656 2611 783 2679 semper
820 2611 897 2658 curn
937 2589 1120 2679 perpendit.
1156 2589 1214 2656 Hic

130 2723 247 2790 nempe
276 2703 354 2770 satis
380 2702 499 2781 babuit
519 2704 545 2770 si
568 2703 735 2791 plebicolis
762 2703 918 2770 immanes
944 2723 982 2770 ac
1010 2708 1218 2791 portentosas.

129 2815 262 2905 rapinas
282 2816 486 2905 imputando,
505 2816 538 2883 in
560 2837 633 2884 vcra
649 2836 762 2884 eorum
779 2818 862 2884 furta
881 2816 1036 2906 populum
1055 2816 1216 2883 intentum

130 2929 292 3007 efficeret,
321 2948 360 2995 ac
398 2927 557 2997 mercedis
591 2929 684 2997 istius
709 2949 805 3017 quam
838 2927 1036 3016 pauperibus
1066 2925 1218 2994 Heliastis

131 3031 224 3111 ditati
257 3062 295 3109 cx
324 3041 440 3110 aerario
466 3049 612 3110 oratores
639 3042 875 3111 distribuebant
901 3040 1064 3108 fastidium
1091 3039 1215 3108 civibus

131 3155 289 3243 injiceret.
307 3154 390 3236 olid
402 3162 552 3243 superest
565 3155 776 3223 insanabilem
789 3155 876 3221 illum
887 3152 1053 3242 judicandi
1066 3152 1214 3220 morbum

132 3288 246 3336 curare
266 3268 422 3347 tentanti,
442 3268 502 3335 nisi
518 3274 553 3335 ut
566 3268 804 3345 accusationes,
826 3288 884 3356 per
899 3287 978 3355 quas
991 3265 1129 3355 populus
1142 3286 1215 3336 sese

131 3381 284 3449 tutiorem
298 3381 368 3448 lieri
386 3381 499 3459 credit,
518 3381 638 3470 insigni
651 3380 781 3448 infamia
797 3385 909 3449 notet‘t
924 3379 1015 3461 Quod
1035 3378 1164 3469 quidem
1182 3380 1215 3448 in

132 3493 269 3562 duorum
291 3513 408 3561 canum
426 3493 535 3581 jurgio
555 3493 751 3582 lepidissime
765 3493 902 3582 perfecit
910 3517 924 3576 ;’
942 3492 996 3560 bic
1010 3494 1096 3562 enim
1112 3513 1216 3561 accu-

133 3715 273 3724 -----
284 3715 380 3723 ——

174 3874 182 3902 ¹
204 3873 340 3944 bristolth„
363 3872 445 3945 Vespr„
464 3892 485 3929 r.
503 3874 628 3931 toti-tta.
