2684 4508
632 211 788 266 -202-

173 406 283 495 populi
301 405 473 485 beneficia,
491 405 542 474 vel
556 411 672 494 sponte
686 426 755 484 sua,
770 405 821 474 vel
834 405 1027 475 necessitate
1044 404 1150 494 aliqua
1165 424 1252 475 coru·

173 518 275 607 pulsi,
292 538 357 587 non
371 519 587 607 appetebant,
604 517 722 608 populo
738 538 801 587 non
814 517 1030 587 adulabantur
1036 541 1048 601 ς
1063 518 1142 606 quin
1153 517 1252 585 ctiam

171 631 234 700 sibi
253 651 382 720 magnae
396 630 481 700 laudi
495 631 564 700 fore
577 630 759 713 ducebant,
776 631 804 700 si
825 631 956 719 ingenio
969 636 1097 700 tantum
1112 630 1252 698 fidentes

174 743 275 813 libera
290 743 378 812 illurn
390 765 470 814 voce
483 744 684 817 admoneret.
700 748 742 815 nt
754 746 892 814 scenicis
906 744 1022 834 poetis,
1038 744 1193 833 plausus,
1217 749 1254 812 ut

173 857 266 936 solet,
285 856 397 934 avidis,
413 857 561 946 populari
573 858 683 927 favore
695 879 777 948 opus
793 864 886 927 crat:
905 879 986 948 quos
1004 858 1075 946 ipse
1090 857 1181 926 Plato
1193 875 1254 927 ar·

174 971 264 1060 gub,
290 976 326 1039 ut
348 970 435 1038 bunc
459 970 520 1040 sibi
544 970 687 1040 favorem
709 971 937 1050 conciliarent,
961 971 1050 1039 varia
1073 970 1254 1039 carminum

175 1079 406 1169 modorumque
431 1101 553 1170 genera
578 1079 619 1148 ad
647 1078 864 1148 deliniendam
889 1079 1129 1150 multitudinem
1154 1079 1256 1149 inde-

174 1213 251 1265 cora
269 1215 309 1263 ac
322 1213 424 1283 prope
450 1193 608 1283 sacrilega
624 1193 806 1269 temeritate
834 1192 1034 1262 miscuissc¹.
1061 1199 1176 1262 Nonne
1194 1193 1256 1262 illis

175 1306 274 1395 igitur
286 1304 407 1393 saepius
422 1305 453 1372 in
469 1311 611 1373 mentem
624 1305 713 1374 venit
723 1311 760 1374 ut
779 1305 888 1395 populi
909 1307 1080 1394 opiniones
1092 1325 1132 1375 ac
1148 1304 1257 1374 studia

175 1419 216 1487 de
231 1418 329 1488 rebus
342 1418 480 1508 publicis
493 1417 725 1508 amplexando,
747 1418 867 1489 certius
892 1419 925 1487 in
952 1419 1169 1508 spectantium
1191 1419 1258 1487 ani·

177 1556 247 1605 mos
265 1518 423 1606 dominari
447 1542 633 1606 tentarent?
658 1535 750 1619 Quod
768 1537 875 1626 reipsa
902 1536 1024 1606 lactum
1047 1537 1147 1606 fnisse
1161 1535 1259 1606 vide-

178 1671 270 1733 mus;
292 1651 356 1719 imo
375 1649 561 1738 Euripidem
586 1649 693 1730 illum,
718 1652 773 1740 qni
796 1672 832 1720 se
855 1672 874 1719 a
898 1650 1121 1740 spectantibus
1148 1649 1258 1718 doceri

177 1767 337 1847 nolebat2,
353 1767 506 1837 conviciis
519 1766 784 1838 Lacedaemonios
798 1767 871 1837 ideo
890 1769 1088 1847 oneravisse,
1107 1787 1171 1858 quo
1195 1768 1259 1835 dt-

179 1880 253 1949 ticis
268 1880 401 1950 auribus
413 1880 632 1948 Andromache
644 1880 804 1970 tragoedia
821 1881 936 1951 melius
949 1880 1104 1970 placeret.

221 2018 299 2088 Aliis
313 2025 422 2087 tamen
441 2020 565 2089 artibus
585 2019 705 2109 publici
725 2019 867 2090 honores
883 2019 1078 2110 publicaque
1100 2018 1256 2107 imperia,

179 2134 251 2203 aliis
277 2135 442 2224 poeticum
465 2133 566 2204 decus
584 2135 773 2225 plerumque
796 2139 961 2224 captatum
984 2139 1046 2203 est.
1070 2134 1107 2202 ln
1132 2133 1260 2201 theatro

180 2250 268 2319 enim
302 2250 445 2340 egregiis
473 2250 626 2339 operibus
653 2256 729 2319 ante
759 2250 868 2319 omnia
899 2248 1054 2319 delectari
1087 2248 1262 2336 cupiebant

181 2363 412 2444 Athenienses
440 2369 673 2455 poetarumque
699 2363 850 2442 consilia,
881 2362 977 2432 modo
1003 2361 1188 2453 eloquentia
1213 2358 1261 2429 acl

183 2477 308 2546 facetiis
320 2476 539 2557 condirentur,
553 2479 668 2567 plausu
680 2478 829 2566 excipere
843 2477 1003 2547 solebant.
1017 2481 1054 2547 ln
1068 2477 1139 2548 loro
1153 2482 1262 2544 autem

179 2609 256 2679 quae
269 2589 482 2660 multitudinis
505 2588 710 2680 cupidinibus
726 2590 865 2661 maxime
887 2592 1075 2664 arridebant
1098 2591 1263 2680 inprimis

183 2703 425 2793 probabantur;
443 2702 471 2773 si
482 2703 554 2794 quis
566 2724 645 2792 ergo
659 2724 724 2772 non
738 2703 852 2794 optimi
866 2704 1034 2794 scriptoris
1046 2703 1189 2785 laudern,
1207 2701 1263 2773 scd

182 2804 343 2884 exercitus
357 2813 497 2885 ducendi
518 2829 635 2884 munus
653 2817 894 2914 *concionumve
916 2817 1134 2905 principatum
1155 2837 1264 2906 appe-

183 2929 291 3008 tebat,
309 2949 347 2998 ea
362 2930 481 3019 populo
498 2928 698 3023 anteoculos
711 2949 862 3018 promere
877 2929 1048 3010 studebat,
1066 2952 1141 3021 quae
1156 2929 1265 3000 mani-

186 3042 312 3112 mosilli
325 3042 459 3123 fructus,
477 3043 615 3111 maxima
638 3042 715 3113 vitae
742 3043 911 3113 commoda
924 3042 1262 3125 offerreviderentur3

186 3155 240 3224 hic
253 3155 324 3225 ideo
338 3156 570 3245 plebicolarum
591 3155 765 3225 assentatio
779 3155 923 3245 vigebat.
939 3158 980 3225 lt
994 3155 1198 3225 scenicarum
1210 3155 1266 3224 la-

186 3267 335 3336 bnlarum
358 3274 506 3337 auctores
532 3288 596 3337 non
621 3268 684 3336 bac
706 3268 757 3335 via
784 3267 824 3335 ad
848 3268 985 3358 gloriam
1008 3269 1263 3358 grassabantur;

186 3380 295 3468 populi
315 3380 413 3470 igitur
426 3380 500 3448 vitia
513 3362 662 3469 sagacius
677 3381 863 3469 perspicere
878 3387 912 3449 ct
934 3381 1066 3451 liberius
1089 3383 1266 3474 objurgare

187 3499 348 3583 poterant.

194 3704 435 3714 -----------

227 3879 234 3920 ¹
257 3877 334 3942 ilat,
350 3877 380 3931 dc
398 3878 469 3949 lep„
485 3878 513 3934 l.
531 3879 572 3942 lli,
589 3878 635 3933 snb
653 3879 736 3933 linern.
748 3905 775 3926 =
796 3878 809 3917 ²
830 3879 881 3933 lat,
899 3881 975 3945 blau,
992 3881 1019 3935 Ι».
1036 3881 1078 3947 ΙΙΙ,
1095 3898 1118 3938 c.
1131 3886 1157 3938 7.
