2684 4508
631 135 785 188 -lil—

166 336 317 424 turpibus
337 335 406 401 istis
428 334 621 400 commentis
643 338 764 421 quanto
784 337 941 420 praestant
958 383 966 406 ,
998 332 1025 396 si
1042 328 1251 418 Aristophani

167 449 351 522 credimus,
379 445 527 515 sublimia
541 443 681 533 Eschyli
702 450 891 533 praeceptat
919 443 1094 510 Delensum
1120 443 1252 538 quidem

166 560 208 629 ab
231 561 362 648 antiquo
384 565 481 647 poeta
501 560 707 646 Areopagum
731 576 794 624 non
821 562 1057 623 commemorat
1083 559 1253 622 [lunarum

166 673 328 762 scriptor,
355 670 414 740 sed
428 691 504 739 eum
518 670 628 738 laudat
641 670 727 760 quod
751 669 839 737 utilia
862 689 993 758 semper
1007 668 1154 737 moribus
1165 689 1254 736 una-

166 803 294 874 quaque
308 783 417 852 labula
432 782 685 871 significaverit,
709 783 795 871 quod
817 803 854 850 ea
869 803 944 870 quae
959 783 992 850 in
1005 783 1173 849 hominum
1190 801 1255 848 ua-

167 904 241 965 tura
256 895 383 963 infirma
408 895 459 963 rel
481 894 586 984 turpia
611 900 687 962 sunt
703 894 855 982 prudenti
874 895 1002 962 silentio
1021 895 1151 971 texerit,
1168 893 1258 983 quod

170 1016 301 1100 poetam
314 1008 348 1076 in
362 1007 519 1076 docendis
532 1008 609 1075 viris
624 1027 688 1075 non
703 1008 810 1075 minus
823 1028 957 1097 gravem
979 1014 1013 1075 et
1036 1013 1169 1075 cautum
1183 1025 1256 1074 esse

171 1122 293 1192 debere
321 1123 506 1199 censuerit,
535 1142 631 1211 quam
646 1122 679 1189 in
708 1121 819 1210 pueris
837 1121 1093 1210 paedagogum.
1119 1123 1191 1188 Non
1206 1119 1257 1186 ille

172 1237 295 1326 patrios
308 1239 394 1304 Deos
406 1233 517 1302 debito
531 1234 620 1302 cultu
634 1232 798 1311 fraudare,
815 1240 848 1300 et
863 1253 944 1301 nova
964 1234 1120 1311 Numina,
1142 1233 1256 1300 Soler-

171 1346 250 1414 tiam
262 1345 397 1420 scilicet,
416 1350 448 1412 et
464 1342 673 1421 Facundiam,
691 1350 725 1412 et
751 1343 880 1411 AEtbera
892 1347 1004 1432 jurare
1013 1348 1037 1421 2,
1056 1363 1120 1411 non
1138 1344 1171 1410 in
1188 1344 1256 1411 loro

173 1465 207 1528 et
220 1455 406 1546 disputandi
431 1454 595 1543 palaestris
619 1461 750 1544 tempus
777 1476 981 1533 consumere,
1012 1476 1076 1524 non
1104 1457 1137 1524 in
1160 1457 1258 1526 rebus

175 1575 314 1665 publicis
336 1571 498 1649 versatili,
525 1578 562 1639 ut
588 1573 845 1650 Theramenem,
879 1574 1010 1663 ingenio
1034 1575 1080 1642 uti
1113 1573 1255 1653 docet³;

176 1687 233 1757 sed
249 1686 353 1775 plenis
379 1688 482 1754 blarte
502 1685 673 1773 tragoediis
687 1685 836 1754 accendit
861 1687 1005 1762 animos,
1023 1691 1056 1753 et
1070 1707 1159 1754 arma
1188 1687 1260 1754 fre-

179 1820 288 1876 mere,
320 1817 410 1865 arma
436 1816 573 1884 poscere
595 1799 799 1885 juventutem
823 1799 912 1887 cogit
923 1805 945 1864 ⁴.
976 1803 1045 1866 Hoc
1075 1800 1260 1887 praesertim

177 1911 288 1982 laudat
313 1910 568 1998 Aristophanes,
586 1911 659 1999 qui,
684 1910 888 1979 utdecoram
912 1932 1028 2000 pacem
1053 1913 1139 1979 inter
1162 1916 1261 1982 Grae-

178 2045 236 2092 cos
249 2025 414 2093 conciliari
431 2024 531 2112 cupit,
550 2025 593 2092 ita
608 2025 744 2113 ignavos
762 2027 900 2114 juvenes
913 2026 1083 2094 vulnerum
1097 2046 1137 2094 ac
1149 2027 1263 2094 mortis

177 2144 265 2206 mdo
279 2137 429 2226 clypeum
452 2136 644 2226 abjicientes
658 2138 816 2225 pertinaci
830 2139 959 2226 flagello
974 2141 1127 2208 verberat
1137 2144 1160 2205 ⁵.
1184 2143 1263 2208 Cae-

177 2263 295 2333 terum,
309 2256 335 2323 si
351 2255 435 2323 iuter
451 2274 618 2343 pugnaces
631 2255 846 2344 loquacesque
859 2257 945 2324 viros
959 2256 1145 2345 eligendum
1161 2264 1260 2333 esset,

179 2373 322 2461 pugnaci
347 2371 511 2440 Lamacho
526 2389 658 2438 manum
672 2370 842 2458 porrigere
857 2370 957 2438 multo
972 2369 1083 2437 mallet
1096 2390 1196 2459 quam
1211 2371 1264 2438 lo-

179 2486 336 2574 quacibus
348 2484 510 2572 Euripidis
525 2486 731 2573 Socratisque
745 2484 923 2573 discipulis.
939 2485 1020 2565 Quid
1033 2486 1121 2553 enim
1134 2486 1212 2553 mali
1226 2506 1265 2554 ex

180 2598 240 2666 ista
256 2619 431 2686 pravorum
446 2599 676 2687 magistrorum
690 2600 800 2667 schola
818 2619 880 2667 non
892 2600 1054 2667 manavit?
1068 2603 1183 2667 Nonne
1196 2600 1267 2668 des

179 2710 374 2780 ceudentem
399 2711 430 2779 in
447 2711 571 2780 luleros
586 2711 774 2801 Euripidem
788 2717 855 2779 tota
884 2693 1119 2799 parricidarum
1143 2715 1262 2793 turba,

181 2823 269 2892 velut
282 2828 455 2912 patronum
469 2844 508 2894 ao
522 2824 739 2902 defensorem,
751 2824 905 2892 unanimo
919 2824 1032 2912 plausu
1048 2826 1245 2895 salutavit⁶l

227 2957 283 3024 His
303 2956 454 3025 omnibus
468 2956 657 3024 criminibus
671 2955 833 3044 quomodo
847 2956 1018 3043 Euripides
1041 2978 1155 3026 ansam
1173 2981 1266 3048 prae-

184 3069 300 3146 buerit,
313 3070 381 3154 jam
395 3069 474 3137 satis
488 3068 611 3137 dictum
626 3075 704 3156 puto
717 3093 725 3150 ;
738 3071 805 3154 iam
820 3070 961 3139 incertas
972 3070 1041 3139 illas
1052 3072 1082 3139 iu
1097 3078 1266 3164 utramque
1332 3088 1335 3100 ’

184 3184 311 3266 partem
326 3180 504 3248 sententias
519 3199 558 3246 ac
570 3179 806 3267 disputationes
821 3182 925 3269 attigi,
942 3190 975 3250 et
993 3203 1067 3271 quae
1082 3186 1263 3274 Euripides,

187 3295 247 3362 etsi
263 3293 411 3382 populari
427 3293 562 3362 insaniae
577 3313 691 3381 parum
709 3294 809 3371 favet,
840 3296 987 3383 populari
1002 3302 1111 3364 tamen
1128 3299 1267 3377 libertati

223 3630 229 3670 l
253 3625 390 3697 bristolth„
409 3624 486 3712 duo..
504 3624 665 3684 1053-10515.
682 3631 735 3667 =²
755 3629 802 3695 ld,
819 3629 893 3695 ibid,
910 3631 1041 3688 sse-893.
1057 3634 1111 3674 =⁵
1131 3635 1179 3699 ld.,
1195 3634 1267 3694 ibid..

185 3714 316 3773 trel-9¹10.
376 3714 389 3754 ⁴
407 3712 454 3771 ld..
470 3711 543 3776 ibid,
559 3713 889 3773 illitteralem-loto.
904 3735 932 3756 =
948 3718 956 3746 '
978 3719 1025 3784 ld.,
1046 3719 1120 3785 Poe,
1133 3722 1268 3785 ota-oin

191 3800 355 3859 itte-isliu.
369 3799 422 3842 =⁶
442 3799 490 3864 ld,
507 3798 584 3864 Rau„
601 3801 727 3859 lli-776.
