2684 4508
563 279 701 336 ..53-

96 476 195 544 lantia
210 475 393 552 lacessitos,
412 474 584 562 litibusque
598 479 631 542 et
643 473 822 543 delatorum
839 474 962 563 pedicis
979 474 1170 562 implicitoS‚

96 589 238 659 vindicat
253 595 275 655 ¹.

141 719 384 787 Atheniensium
409 719 507 807 igitur
528 717 692 786 erroribus
709 717 753 785 ita
773 717 930 796 refutatis,
948 717 1176 786 bellicosorum

95 838 216 907 ducum
231 842 263 904 ct
277 836 540 906 concionatorum
553 835 722 902 imminuta
734 835 936 913 auctoritate,
960 833 1036 924 quid
1056 853 1177 922 super·
1252 862 1254 870 ¹

97 961 177 1032 erat,
197 955 257 1022 nisi
285 958 321 1022 ut
340 953 430 1043 pacis
452 953 586 1022 delicias
604 956 700 1041 poeta
713 951 832 1041 populo
853 949 1121 1019 commendaret?
1139 952 1176 1018 ln

97 1069 160 1136 hoc
174 1066 303 1156 quidem
322 1067 463 1136 secunda
486 1065 605 1134 fabulae
624 1068 716 1155 parte
737 1062 920 1152 praesertim
940 1062 1086 1130 incubuit
1110 1087 1117 1129 :
1142 1066 1179 1129 ut

96 1202 192 1271 quam
207 1181 334 1268 poetico
349 1180 473 1269 spiritu,
499 1185 618 1267 quanto
634 1177 777 1246 colorum
802 1173 987 1265 splendore,
1010 1178 1130 1264 quanta
1145 1173 1178 1241 in

97 1293 246 1382 patriam,
264 1292 296 1360 in
314 1292 418 1361 bonos
433 1291 530 1369 cives,
548 1290 580 1358 in
595 1291 778 1359 universam
799 1287 958 1357 Graeciem
976 1285 1180 1357 benevolen-

97 1409 140 1476 tia
166 1407 197 1475 id
222 1408 336 1497 egerit,
365 1407 528 1476 neminem
546 1406 659 1495 fugiat,
678 1405 792 1475 litteris
813 1403 936 1474 Graecis
950 1401 1000 1472 uel
1019 1402 1179 1472 levissime

98 1522 269 1590 imbutum.

144 1659 223 1723 Hrec
241 1660 349 1722 tamen
365 1655 525 1724 comoedia
539 1675 654 1744 pacem
669 1655 839 1725 restituere
852 1674 917 1723 non
937 1653 1055 1733 ualuit,
1070 1674 1180 1743 quan-

98 1787 194 1856 quam
219 1787 283 1836 non
305 1768 522 1859 inopportuno
546 1773 692 1856 ternpore
711 1769 742 1835 in
767 1788 898 1836 scenam
917 1767 1074 1855 producte
1095 1771 1177 1836 erat.

97 1880 312 1949 Athenienses
330 1882 428 1960 enim,
445 1881 578 1949 vastatis
592 1879 806 1969 Peloponnesi
826 1879 998 1958 littoribus,
1015 1878 1180 1947 reductis-

98 2012 161 2084 que
175 1995 235 2064 sub
249 1994 402 2063 ditionem
417 1995 560 2083 ipsorum
576 1994 726 2066 Potidaea
738 2001 771 2064 et
792 1995 954 2084 Mitylene,
979 1992 1065 2062 baud
1080 1993 1181 2062 inho-

99 2115 227 2177 nestum
242 2108 348 2177 foedus
363 2108 448 2176 iocre
461 2114 622 2200 poterant.
634 2108 728 2179 Teste
743 2109 871 2198 quidem
883 2108 1111 2197 Aristophane,
1125 2128 1182 2176 eos

99 2220 337 2290 Lacedaemonii
361 2222 401 2290 ad
429 2241 543 2311 pacem
568 2222 788 2312 provocabant
805 2221 995 2310 funestaque
1020 2220 1181 2290 universae

100 2335 234 2404 Graeciee
251 2335 427 2403 certamina
442 2334 557 2403 sedare
571 2334 675 2423 parati
690 2339 824 2417 erant2;
842 2333 1043 2423 Euthydemo
1058 2333 1182 2403 scilicet

100 2468 261 2518 summum
278 2449 501 2537 magistratum
517 2447 625 2517 adhuc
638 2447 816 2527 obtinente,
830 2448 857 2518 si
872 2447 1021 2517 Clintonii
1038 2446 1181 2515 numeris

100 2563 321 2642 assentimus³,
349 2565 572 2653 Sphacteriam
583 2567 650 2654 jam
673 2566 867 2635 obsidebant
888 2563 985 2634 Attici
1000 2563 1180 2632 excercitus

100 2682 133 2747 et
147 2677 278 2746 ineunte
290 2699 366 2746 vere
381 2679 466 2746 circa
478 2679 555 2747 illud
569 2686 699 2769 tempus
708 2701 771 2769 quo
783 2679 955 2749 comoediae
968 2679 1020 2768 ogi
1034 2677 1182 2747 solebant

99 2790 141 2858 ad
156 2791 453 2880 petendampacem
466 2810 484 2856 a
495 2791 751 2860 Lacedaemoniis
764 2791 868 2870 missi,
890 2796 984 2860 erant
1002 2790 1110 2879 legati.

145 2932 249 3010 Quum
259 2947 335 2996 vero
347 2927 528 3015 cogitamus
540 2927 624 2996 bello
635 2927 668 2994 in
681 2927 809 3016 longius
824 2927 920 2996 ducto
933 2948 997 2996 nou
1008 2925 1180 2995 honestio—

100 3060 170 3109 rem
183 3040 244 3109 sibi
258 3059 373 3128 pacem
387 3039 602 3108 Athenienses
615 3038 755 3116 leriisse,
778 3058 840 3106 nec
856 3038 929 3109 ideo
948 3040 1083 3108 miseras
1100 3037 1180 3105 Pla-

100 3159 182 3222 taeas
197 3205 205 3232 ,
230 3153 429 3222 Athenarum
444 3153 561 3222 auxilio
576 3152 799 3241 dignissimam
813 3152 939 3229 urbem,
965 3152 1054 3220 ocius
1068 3149 1180 3220 vindi-

100 3271 189 3334 catas
212 3286 250 3333 ac
276 3265 441 3334 restitutas
464 3266 583 3343 fuisse,
610 3263 816 3354 Aristophani
842 3285 907 3332 non
930 3264 1085 3353 plaudere
1114 3283 1179 3336 non

99 3397 273 3466 possumus
285 3382 392 3446 tantas
407 3378 605 3446 calamitates
618 3397 714 3465 quarn
740 3375 894 3444 citissime
916 3370 1008 3444 linire
1022 3374 1175 3464 cupienti.

100 3495 237 3558 Strenuo
250 3489 324 3558 duci
335 3490 495 3559 Lamacho
508 3489 603 3579 paulo
614 3489 719 3578 magis
732 3509 806 3558 eum
819 3491 1005 3579 pepercisse
1015 3487 1178 3556 voluisse-

138 3878 145 3911 ¹
167 3872 305 3943 Aristoph,
322 3871 446 3936 Achae,
463 3889 486 3927 v.
504 3870 759 3936 u75-7lt.=21d.,
785 3869 857 3936 ibid,
874 3887 897 3925 u.
915 3867 975 3924 set.
990 3894 1017 3916 =
1033 3865 1041 3893 ¹
1058 3864 1177 3928 Cliniam,

103 3961 174 4019 Fost.
190 3961 261 4028 tert,
279 3968 296 4017 t.
313 3962 353 4027 tl,
369 3979 392 4032 p.
412 3961 453 4015 il.
