2684 4508
587 228 747 282 ...1165-

125 432 210 504 runt,
228 426 404 515 exagitavit
420 426 664 514 Aristophanes.
687 426 837 516 Quisquis
856 426 1038 498 doctrinam
1055 428 1214 500 hmanas

126 541 270 631 ignotam
295 539 492 618 sectabatur,
517 546 549 608 et
570 560 644 608 cnm
665 538 808 630 egregiis
826 540 889 610 illis
904 541 1044 632 ingeniis
1068 542 1213 613 societa-

125 659 191 722 tem
204 650 358 730 inheret,
376 673 450 742 qum
465 660 582 722 cuncta
601 653 738 722 serutari
759 653 945 736 studebant,
969 656 1084 733 comici
1104 661 1212 745 poetae

127 766 256 855 llagello
271 765 444 834 mulctatus
459 770 520 834 est.
537 764 625 834 ldem
644 765 697 836 ille
714 767 959 856 Aristophanes,
982 786 1083 857 ‚quum
1106 765 1213 838 Athe-

127 878 293 948 niensibus
315 877 515 947 inordinatos
538 878 639 949 fastos
660 879 951 968 exprobravisseu,
969 884 1142 960 Matonem,
1158 882 1213 971 qui

127 997 288 1061 astrorum
312 1012 408 1060 cursu
434 992 607 1060 observato
630 997 680 1061 tot
700 1012 828 1063 errores
854 993 1102 1074 emendaverat,
1129 993 1214 1065 inter

128 1103 336 1194 expellendos
348 1105 430 1174 urbe
443 1105 701 1195 praestigiatores
718 1108 898 1197 reposuit2.
1233 1081 1241 1099 ⁵

170 1243 335 1314 Adversus
355 1247 522 1313 Socratem
549 1265 589 1314 ac
611 1244 824 1335 philosophos
845 1265 910 1314 non
935 1245 1042 1315 minus
1063 1247 1212 1336 junctum

130 1357 276 1447 procedit
289 1377 386 1445 quam
398 1357 554 1427 adversus
571 1358 748 1448 plebicolas
762 1359 961 1429 comicorum
974 1372 1104 1449 agmen.
1120 1362 1212 1428 Hanc

130 1470 384 1560 conjurationem
407 1470 633 1559 Aristophanis
658 1471 765 1542 Graeci
789 1471 983 1561 interpretes
1006 1476 1040 1540 et
1063 1470 1215 1561 philoso-

129 1584 268 1675 phorum
280 1583 456 1655 historicus
467 1584 631 1674 Diogenes
644 1584 961 1665 demonstraverunt,
974 1590 1023 1654 tot
1034 1583 1211 1675 Eupolidis,

129 1698 283 1788 Amipsiae
295 1718 334 1767 ac
353 1702 549 1768 caeterorum
567 1697 749 1787 fragmenta
773 1698 967 1787 colligendo,
988 1717 1063 1788 quae
1083 1697 1216 1767 Aristo-

130 1811 265 1902 phaneis
275 1812 360 1903 jocis
371 1811 488 1881 mirum
503 1811 535 1879 in
549 1810 681 1880 modum
695 1811 914 1880 consentiunt.
929 1813 977 1880 Ne
989 1809 1104 1880 credas
1116 1810 1216 1900 igitur

131 1927 196 1996 sola
211 1928 244 1995 in
258 1927 404 1996 Nubibus
418 1925 494 1994 lurti
513 1925 732 1994 insimulatum
747 1925 847 1995 luisse
871 1929 1056 2009 Socratem3
1076 1926 1103 1995 si
1127 1926 1214 1996 enim

130 2039 288 2129 Eupolidi,
302 2039 528 2128 Aristophanis
545 2039 663 2109 remulo
685 2039 890 2130 inimicoque,
908 2040 1047 2120 fidimus
1065 2040 1214 2131 hydriam

130 2152 342 2240 philosophus
363 2152 396 2222 in
419 2152 559 2242 palestra
577 2152 770 2242 subripuit⁸.
796 2154 969 2244 Amipsias,
989 2160 1214 2244 paupertatem

131 2286 344 2356 asperamque
358 2265 500 2336 Socratis
514 2267 613 2335 vitam
627 2266 789 2346 deridens,
803 2287 956 2358 maguam
972 2275 1080 2338 tamen
1095 2269 1125 2338 ei
1139 2269 1215 2338 lau-

132 2378 204 2447 dem
218 2379 398 2450 mrioedere
411 2379 549 2469 cogitur,
563 2380 793 2471 scilieetquod,
806 2387 896 2451 tanta
909 2387 1056 2472 egestate
1068 2401 1210 2471 pressus,

132 2493 251 2570 nemini
265 2513 406 2582 unquam
420 2492 544 2563 adulari
559 2493 733 2583 potuerit⁴.
1183 2486 1187 2497 ’

173 2635 336 2702 Caeterum
350 2651 413 2700 non
435 2630 560 2719 primus
579 2630 663 2699 inter
679 2631 842 2721 sapientes
861 2635 1012 2702 Socrates
1031 2632 1163 2710 exstitit,
1181 2632 1213 2701 in

130 2763 225 2832 quern
239 2742 372 2811 comicae
385 2741 517 2831 sagittae
531 2747 690 2810 contorta
709 2741 785 2811 sint.
808 2747 879 2811 lam
899 2743 1047 2832 Diphilus
1069 2741 1211 2832 quidam,

129 2854 289 2924 obscuros
305 2852 401 2933 lama,
420 2874 459 2921 ac
471 2853 498 2921 si
513 2852 699 2941 interpretis
712 2853 819 2924 Graeci
838 2853 1023 2924 testimonio
1038 2853 1212 2933 oredimus,

133 2987 174 3036 ne
189 2965 324 3039 eruditis
338 2965 468 3056 quidem
485 2966 575 3039 >bene
596 2971 709 3045 notus,
734 2965 869 3035 Boedam
890 2964 1129 3056 philosophron,
1149 2985 1215 3034 non

132 3080 238 3148 minus
253 3067 442 3168 ignobilem,
459 3077 525 3146 aori
540 3078 647 3148 libello
666 3077 918 3166 exagitaverat
939 3079 1089 3148 dratinus
1107 3081 1216 3146 autem
1237 3099 1238 3104 ¹

131 3195 196 3276 ille,
213 3195 268 3283 qui
291 3192 415 3263 Pericle
441 3192 603 3263 civitatem
629 3197 781 3282 regente,
804 3192 1021 3262 Athenienses
1047 3189 1216 3263 comtediis

131 3316 318 3396 oblectavit,
336 3316 518 3405 Hipponem
536 3314 766 3405 philosophum
789 3314 820 3382 in
842 3317 1096 3403 speculatoribus
1119 3308 1215 3405 (Πα-

135 3556 211 3566 ,.,,...
233 3555 265 3561 Α-

172 3734 179 3774 ¹
204 3734 340 3804 Aristoph,
366 3733 445 3798 Not..
464 3753 488 3790 v.
505 3735 567 3794 615.
588 3750 615 3772 =
633 3737 645 3779 ἃ
666 3734 712 3796 ld..
739 3737 817 3798 Ami,
840 3753 863 3789 v.
887 3735 1033 3793 aar-toto.
1058 3753 1086 3775 =
1104 3737 1116 3778 ὅ
1134 3732 1217 3793 Schol.

135 3821 260 3893 Aristoph.
276 3823 301 3878 iu
315 3821 425 3879 Nubat
442 3822 627 3880 vos.179.=
651 3823 661 3851 ⁴
681 3822 775 3893 Amips.
793 3838 807 3877 a
822 3822 893 3894 lliog.
915 3823 997 3878 Laert.
1018 3823 1061 3888 cit.
1084 3823 1111 3880 in
1132 3824 1159 3881 L.
1176 3825 1218 3888 ll,

136 3929 158 3968 e.
176 3912 220 3976 tl,
232 3911 262 3969 ir.
278 3914 291 3970 l
307 3929 339 3966 ex
355 3913 441 3966 Corum
454 3914 461 3982 l
472 3912 496 3968 in
512 3911 575 3968 titt.
589 3912 643 3968 llid.
656 3911 664 3984 )
678 3913 729 3946 =⁸
751 3911 834 3967 Schol.
853 3911 929 3967 Arist.
945 3911 970 3966 iu
985 3911 1052 3969 uuo.
1069 3913 1100 3968 ad
1116 3931 1138 3970 r.
1156 3913 1200 3970 96.
