2684 4508
586 212 620 221 -
644 183 690 233 tu?
709 211 743 223 -

125 377 246 466 impetu
260 384 293 445 et
318 376 491 466 splendore
518 375 638 443 moveri
656 381 788 463 posset,
822 375 981 463 integram
1006 375 1047 443 ab
1062 376 1206 441 oratori-

124 492 186 560 bus
200 491 233 558 in
248 489 386 558 dioendo
401 488 594 576 gravitatem
620 488 875 576 dignitatemque
900 489 1022 555 servari
1041 486 1171 555 volebat
1183 487 1205 553 ¹.

124 603 226 672 Prisci
247 602 387 690 denique
413 600 518 668 Graeei
546 602 654 669 omnia
680 601 882 669 auctoritatis
905 620 1028 688 genera
1053 598 1208 667 vereban-

123 721 197 798 tur;
222 719 308 783 Deos
332 732 423 791 esse,
448 712 502 801 qui
531 713 673 781 humana
688 718 860 796 curarent3
877 711 1035 802 quosdam
1051 718 1209 799 praestan-

124 830 225 896 tiores
239 826 398 915 sapientia
418 831 450 895 et
465 826 583 894 mentis
595 809 742 894 acumine
756 825 843 894 viros
857 825 1024 903 eminere,
1050 845 1134 913 quos
1152 844 1211 891 re-

125 940 200 1029 liqui
238 940 400 1020 homines,
430 940 536 1009 servili
563 938 694 1028 quidem
721 938 877 1028 obsequio
911 942 1056 1015 remoto,
1091 937 1208 1026 placidi

126 1052 241 1121 saltem
266 1058 299 1122 et
313 1055 427 1123 attenti
452 1053 565 1122 audire
579 1052 758 1135 deberent;
781 1054 835 1141 jus
860 1056 893 1120 et
920 1052 1085 1140 iniuriam,
1101 1051 1214 1123 virtu-x

126 1173 193 1234 tem
207 1167 372 1235 auritium
401 1167 516 1235 merito
529 1165 687 1242 discerni,
706 1165 902 1234 fatebantur.

174 1307 216 1373 ht
229 1303 261 1371 in
289 1303 403 1372 eodem
430 1307 515 1370 statu
530 1322 662 1370 manere
689 1301 786 1368 animi
813 1321 877 1368 non
904 1305 1100 1388 potuerunt;
1130 1307 1212 1369 aetas

127 1416 259 1485 tandem
273 1413 394 1503 ineepit
407 1433 468 1503 qua
481 1413 630 1482 homines
658 1412 766 1480 omnia
786 1411 883 1501 vulgo
899 1417 932 1478 et
944 1411 1099 1480 audacter
1114 1432 1213 1480 seru-

129 1530 190 1596 tari
216 1532 434 1597 tentaverunt.
462 1531 540 1595 Tum
563 1518 780 1614 philosophiae
798 1524 939 1592 studium
963 1523 1059 1593 latius
1085 1525 1118 1590 in
1143 1525 1214 1592 dies
1259 1570 1262 1581 ·

129 1639 342 1722 diffunditur;
378 1640 409 1706 in
446 1639 597 1707 omnibus
636 1638 774 1707 Graeoiae
811 1637 959 1727 partibus
991 1644 1024 1704 et
1052 1638 1210 1716 coloniis,

131 1753 261 1843 plurimi
282 1753 459 1830 exsistunt,
477 1753 532 1841 qui
552 1773 604 1821 res
628 1758 663 1820 et
676 1771 785 1820 rerum
804 1751 953 1819 notiones
973 1751 1099 1833 intenta
1114 1771 1216 1820 men-

130 1869 173 1936 tis
194 1867 264 1936 acie
287 1867 473 1954 perspicere
498 1856 665 1944 conentur,
687 1855 833 1933 ueterum
855 1863 1046 1951 opinionum
1064 1865 1217 1935 erret—ori-

132 1985 202 2049 ute
225 1979 275 2049 vel
296 1978 375 2067 ipsis
390 1977 601 2067 religionibus
615 1979 721 2054 minus
743 1977 915 2066 minusque
939 1975 1098 2044 deterriti,
1124 1976 1218 2045 hlius

132 2093 220 2164 orbis
234 2092 375 2162 universi
388 2097 495 2160 ortum
507 2111 547 2158 ae
562 2091 650 2179 leges
663 2091 825 2179 explicare
838 2095 957 2169 tentat,
976 2089 1058 2158 alius
1075 2091 1218 2158 ratiooi-

134 2205 232 2273 nandi
246 2211 279 2275 et
291 2203 492 2293 intelligendi
505 2203 620 2272 modos
634 2224 673 2272 ao
697 2203 826 2291 regulas
841 2207 952 2280 notat,
971 2202 1054 2271 alius
1075 2203 1220 2292 denique

132 2315 209 2406 quid
222 2319 255 2387 in
268 2316 307 2385 iis
325 2316 392 2385 reri
407 2317 449 2384 sit
467 2335 540 2405 quae
553 2316 595 2384 de
609 2315 753 2384 moribus
766 2313 944 2382 revivendi
958 2314 1084 2383 ratione
1096 2314 1220 2413 haete-

124 2449 195 2501 -nus
213 2429 336 2499 eredita
349 2434 424 2497 sunt
438 2428 580 2518 inquirit.
600 2429 632 2496 si
652 2428 708 2516 qui
721 2428 805 2495 inter
818 2447 875 2495 eos
889 2428 1040 2497 omnibus
1055 2428 1105 2496 his
1130 2427 1221 2496 doe·-

132 2542 225 2611 trinis
249 2542 371 2629 puriter
396 2541 539 2610 eminere
565 2539 726 2629 gaudent,
755 2543 974 2627 Sophtararum
1009 2560 1131 2610 nomen
1159 2539 1221 2609 in-

133 2654 248 2723 duunt.
267 2653 331 2722 Sed
345 2654 406 2723 alia
421 2652 597 2723 meditandi
612 2654 770 2731 materia,
798 2654 859 2722 alia
874 2655 992 2722 mentis
1006 2654 1217 2732 exercitatio.

133 2767 279 2837 discendi
293 2766 388 2835 simul
401 2772 434 2835 et
444 2765 625 2854 imperandi
649 2766 775 2855 eupidis
799 2767 1022 2854 hoetempore
1045 2787 1221 2855 propone-

133 2881 241 2953 tatur.
257 2884 293 2951 ln
320 2880 443 2951 Greeois
466 2879 552 2946 enim
580 2879 785 2957 eivitatibus,
816 2885 848 2946 et
861 2879 1042 2967 praesertim
1065 2879 1217 2960 Athenis

135 2998 198 3077 nil,
229 2998 290 3067 nisi
317 2996 472 3075 dicendo,
500 2996 656 3084 oousequi
686 3000 823 3084 possunt
853 2995 1028 3065 homiues:
1053 2995 1217 3074 honores,

134 3111 332 3200 dignitates,
355 3109 470 3200 gratia,
502 3109 624 3179 divitioe
648 3129 750 3198 penes
775 3130 850 3177 eum
877 3115 953 3177 sunt
984 3110 1040 3198 qui
1060 3110 1219 3197 populum

134 3225 279 3296 oratioue
312 3224 483 3294 delinierit.
519 3224 609 3292 illam
646 3223 746 3311 igitur
774 3231 877 3292 artem
903 3223 935 3292 in
965 3223 1079 3311 primis
1109 3223 1220 3291 eolere

136 3481 384 3497 W-

170 3679 180 3719 t
196 3675 260 3740 tie,
278 3677 364 3741 Brut,
376 3691 399 3730 e.
413 3677 439 3731 8.
456 3703 490 3714 -
506 3675 584 3738 l'lut.‚
601 3674 671 3740 Nlo,
686 3691 710 3729 c.
725 3675 751 3740 8,
766 3675 812 3730 suh
823 3676 909 3739 tinem,
932 3674 975 3728 ubi
994 3675 1144 3730 Plutarchus
1167 3675 1216 3729 do-

132 3769 211 3824 elarut
236 3773 293 3820 aute
308 3765 426 3823 Cleonem
440 3762 642 3818 vehementiores
661 3761 770 3831 eorporis
795 3769 878 3818 motus
893 3761 1036 3817 oratoribus
1053 3778 1126 3832 prope
1144 3763 1216 3817 inso-

133 3856 191 3911 litos
205 3853 293 3910 luisse.
