2684 4508
652 192 680 201 ...
707 161 754 214 llll)
783 191 804 199 ..

190 374 241 424 res
267 356 470 444 pessumdari
496 354 637 424 laetatur.
656 360 692 425 ln
724 357 825 444 Vespis
849 376 993 445 quoque,
1013 356 1144 446 judiciis
1172 359 1273 426 semel

189 469 330 546 relictis,
357 469 491 537 ridicula
513 489 648 559 prorsus
669 477 701 537 et
716 469 861 538 scurrilia
883 469 969 559 gerit
990 471 1175 555 Philocleo;
1201 474 1274 561 quis

186 591 296 654 autem
322 606 386 654 non
418 583 507 653 videt
532 583 564 650 id
590 583 675 672 quod
703 584 764 653 sibi
798 590 1014 674 proposuerat
1039 585 1274 674 Aristophanes

186 698 240 782 hic
263 697 398 766 omitti‘l
422 694 505 777 Quid
526 695 613 764 enim
625 694 667 763 ad
685 694 892 787 judiciarium
916 696 1033 765 Atticae
1053 697 1159 785 plebis
1181 717 1275 766 rnor-

184 814 264 883 bum
283 802 405 879 insanae
422 808 633 886 saltationes,
661 816 694 874 et
721 808 880 896 AEsopioae
906 808 1056 888 labella,
1087 816 1121 878 et
1146 811 1274 879 Carcini

186 926 295 1017 pmles
308 922 598 1014 portinentlhdde
614 923 701 1011 quod
716 943 830 993 omnes
845 925 1071 1014 Aristophanis
1085 925 1273 1003 comoediae,

188 1045 310 1130 praeter
335 1040 455 1107 Cereris
479 1039 701 1125 pervipiltnm,
732 1037 855 1106 festivis
869 1037 993 1126 epulis,
1021 1039 1073 1107 vel
1093 1039 1273 1119 sacrifieiis

188 1152 239 1220 vel
254 1149 388 1238 nuptiali
404 1169 524 1237 pompa
540 1148 711 1227 desinunt,
734 1169 807 1238 quae
822 1148 934 1218 laetitia
949 1155 982 1217 et
996 1149 1159 1218 hilaritate
1174 1155 1275 1220 totam

188 1283 322 1333 scenam
343 1281 528 1350 cuneosque
549 1260 758 1349 perfundant.
789 1264 824 1329 ln
852 1262 924 1350 ipso
950 1261 1003 1329 illo
1031 1265 1152 1330 Cereris
1173 1265 1277 1350 perui-

186 1379 284 1465 pilio,
311 1374 528 1443 meretriculae
553 1373 740 1442 saltationes
764 1380 797 1442 et
821 1373 949 1463 decepti
977 1373 1100 1443 lictoris
1124 1375 1278 1464 trepida-

180 1492 232 1561 tio
257 1490 464 1560 festivissime
488 1490 628 1558 tumultu
659 1488 779 1558 labulae
807 1489 984 1559 clausulam
1013 1490 1152 1578 replent.
1188 1494 1277 1579 Ergo

189 1604 348 1696 eiusmodi
376 1604 465 1673 lusus
500 1604 734 1692 Aristophanes
759 1608 793 1670 et
825 1603 942 1671 comici
963 1608 1072 1693 poetae
1106 1604 1278 1692 inprimis

189 1717 417 1795 sectabantur,
452 1721 565 1805 utpote
591 1714 793 1785 oblectandis
826 1715 1042 1805 spectantium
1069 1716 1188 1785 animis
1211 1737 1278 1805 ap-

189 1830 355 1912 tissimos;
380 1849 442 1897 nec
464 1829 582 1896 mirum
605 1828 652 1906 si,
671 1828 731 1897 sub
752 1828 837 1897 Pluti
857 1829 972 1908 finem,
996 1829 1129 1919 proprio
1145 1829 1280 1919 ingenio

189 1949 223 2011 ct
236 1942 369 2010 comicae
386 1941 611 2011 consuetudini
635 1947 746 2009 noster
764 1941 923 2031 indulget.
940 1946 1105 2011 Praeterea
1124 1946 1293 2030 Pauper-·

188 2055 265 2122 tatis
284 2053 422 2122 orationi
448 2053 535 2121 idem
562 2051 630 2120 lere
658 2052 764 2132 locus,
798 2054 884 2121 idem
911 2055 1012 2131 color,
1028 2053 1127 2121 iidem
1150 2056 1279 2122 numeri

189 2184 277 2256 sunt,
293 2177 347 2266 qui
361 2177 504 2265 antiquae
516 2175 560 2244 illi
575 2164 783 2263 παραέῗάσει,
797 2177 854 2246 ubi
868 2197 1044 2246 conversus
1058 2176 1098 2243 ad
1118 2177 1280 2265 populum

187 2287 307 2356 chorus
332 2289 374 2356 de
390 2286 557 2376 republica
576 2294 689 2376 aperte
712 2288 813 2357 multa
841 2289 1010 2359 suadebat.
1032 2289 1106 2358 Sive
1127 2290 1231 2378 igitur
1245 2291 1278 2358 in

187 2403 296 2493 priore
309 2405 399 2470 Plntt
413 2401 555 2470 editione
570 2403 665 2488 (ante
679 2402 842 2471 Christum
857 2424 943 2472 anuo
957 2405 1036 2491 toa)
1049 2406 1118 2493 jam
1133 2425 1280 2495 pauper·

188 2523 239 2585 tas
267 2521 376 2605 partes
404 2515 527 2604 aliquas
546 2517 666 2604 egerit,
688 2517 756 2585 sive
784 2518 816 2586 in
850 2517 992 2587 secunda
1020 2524 1146 2587 tautum
1167 2520 1280 2606 (anno

190 2639 276 2723 389)
294 2638 433 2706 sublatae
453 2627 681 2726 napoddoemr
700 2639 805 2708 locum
830 2640 1016 2718 obtinuerit,
1037 2639 1113 2708 huic
1136 2640 1282 2727 potissi-

188 2772 276 2820 mum
295 2752 414 2820 labulae
439 2754 524 2842 parti
541 2760 727 2842 spectantes
747 2753 890 2821 animum
918 2751 1097 2821 attendisse
1120 2752 1276 2832 credam,

187 2873 220 2935 et
246 2887 355 2935 veram
386 2874 493 2955 poetae
535 2869 720 2957 opinionem
749 2868 825 2935 hinc
861 2868 1041 2961 certissime
1079 2867 1272 2956 collegisse.

184 2982 340 3062 Quamvis
361 3001 441 3070 ergo
463 3003 577 3050 omnes
598 2982 703 3052 bonos
732 2982 763 3049 in
789 2982 931 3050 clausula
951 2981 1151 3049 ditescenles
1176 2980 1280 3050 vide-

187 3101 284 3173 rent,
312 3101 537 3184 paupertatem
557 3117 576 3163 e
601 3097 697 3164 terris
725 3117 787 3185 non
808 3096 877 3164 sine
904 3115 1023 3183 magno
1043 3095 1190 3184 periculo
1208 3096 1279 3164 tolli

188 3227 286 3294 posse
300 3208 538 3276 intellexerunt.

232 3357 316 3437 auid
332 3363 440 3426 autem
458 3359 601 3426 comicus
616 3357 725 3446 populi
748 3378 863 3427 suasor
885 3364 1018 3427 censeat
1038 3359 1082 3424 iu.
1098 3360 1279 3429 Mulierum

186 3471 336 3549 concione
369 3471 513 3557 apertius
539 3470 726 3560 perspicere
757 3470 832 3539 licet
854 3495 861 3539 :
884 3471 937 3539 hic
969 3491 1097 3560 quoque
1124 3470 1278 3563 insanum

190 3603 285 3651 novae
309 3582 496 3671 reipublioae
518 3583 687 3652 consilium
709 3583 878 3673 perficitur
894 3583 1107 3652 etlaetissimo
1122 3584 1278 3653 celebra-

189 3701 243 3762 tur
263 3695 430 3778 convivio;
448 3701 482 3763 at
495 3703 615 3784 quanta
630 3715 741 3764 secum
756 3695 960 3764 incommoda
974 3694 1064 3784 leges
1078 3695 1143 3764 illae
1158 3695 1277 3763 aliene

165 3823 167 3827 ·
192 3808 339 3894 possint,
364 3806 508 3874 ridiculis
521 3806 662 3894 quidem,
681 3805 736 3875 sed
752 3805 956 3873 viridissimis
973 3805 1128 3895 exemplis
1145 3805 1278 3874 abunde
